@article{Dienes:2013xya,
      author         = "Dienes, Keith R. and Kumar, Jason and Thomas, Brooks and
                        Yaylali, David",
      title          = "{Overcoming Velocity Suppression in Dark-Matter
                        Direct-Detection Experiments}",
      journal        = "Phys. Rev.",
      volume         = "D90",
      year           = "2014",
      number         = "1",
      pages          = "015012",
      doi            = "10.1103/PhysRevD.90.015012",
      eprint         = "1312.7772",
      archivePrefix  = "arXiv",
      primaryClass   = "hep-ph",
      SLACcitation   = "%%CITATION = ARXIV:1312.7772;%%"
}

@article{Boehm:2014hva,
      author         = "Boehm, Celine and Dolan, Matthew J. and McCabe,
                        Christopher and Spannowsky, Michael and Wallace, Chris J.",
      title          = "{Extended gamma-ray emission from Coy Dark Matter}",
      journal        = "JCAP",
      volume         = "1405",
      year           = "2014",
      pages          = "009",
      doi            = "10.1088/1475-7516/2014/05/009",
      eprint         = "1401.6458",
      archivePrefix  = "arXiv",
      primaryClass   = "hep-ph",
      reportNumber   = "IPPP-13-31, DCPT-13-62, SLAC-PUB-15893",
      SLACcitation   = "%%CITATION = ARXIV:1401.6458;%%"
}

@article{Busoni:2013kaa,
      author         = "Busoni, Giorgio and De Simone, Andrea and Huang,
                        Wei-Chih",
      title          = "{On the Minimum Dark Matter Mass Testable by Neutrinos
                        from the Sun}",
      journal        = "JCAP",
      volume         = "1307",
      year           = "2013",
      pages          = "010",
      doi            = "10.1088/1475-7516/2013/07/010",
      eprint         = "1305.1817",
      archivePrefix  = "arXiv",
      primaryClass   = "hep-ph",
      reportNumber   = "CERN-PH-TH-2013-091, SISSA-19-2013-FISI",
      SLACcitation   = "%%CITATION = ARXIV:1305.1817;%%"
}

@article{Steigman:2012nb,
      author         = "Steigman, Gary and Dasgupta, Basudeb and Beacom, John F.",
      title          = "{Precise Relic WIMP Abundance and its Impact on Searches
                        for Dark Matter Annihilation}",
      journal        = "Phys. Rev.",
      volume         = "D86",
      year           = "2012",
      pages          = "023506",
      doi            = "10.1103/PhysRevD.86.023506",
      eprint         = "1204.3622",
      archivePrefix  = "arXiv",
      primaryClass   = "hep-ph",
      SLACcitation   = "%%CITATION = ARXIV:1204.3622;%%"
}

@article{Choi:2015ara,
	author         = "Choi, K. and others",
	title          = "{Search for neutrinos from annihilation of captured
	low-mass dark matter particles in the Sun by
	Super-Kamiokande}",
	collaboration  = "Super-Kamiokande",
	journal        = "Phys. Rev. Lett.",
	volume         = "114",
	year           = "2015",
	pages          = "141301",
	doi            = "10.1103/PhysRevLett.114.141301",
	eprint         = "1503.04858",
	archivePrefix  = "arXiv",
	primaryClass   = "hep-ex",
	SLACcitation   = "%%CITATION = ARXIV:1503.04858;%%"
}

@article{Choi:2015ara,
      author         = "Choi, K. and others",
      title          = "{Search for neutrinos from annihilation of captured
                        low-mass dark matter particles in the Sun by
                        Super-Kamiokande}",
      collaboration  = "Super-Kamiokande",
      journal        = "Phys. Rev. Lett.",
      volume         = "114",
      year           = "2015",
      pages          = "141301",
      doi            = "10.1103/PhysRevLett.114.141301",
      eprint         = "1503.04858",
      archivePrefix  = "arXiv",
      primaryClass   = "hep-ex",
      SLACcitation   = "%%CITATION = ARXIV:1503.04858;%%"
}

@article{Heisig:2015ira,
      author         = "Heisig, Jan and Kramer, Michael and Pellen, Mathieu and
                        Wiebusch, Christopher",
      title          = "{Constraints on Majorana Dark Matter from the LHC and
                        IceCube}",
      journal        = "Phys. Rev.",
      volume         = "D93",
      year           = "2016",
      number         = "5",
      pages          = "055029",
      doi            = "10.1103/PhysRevD.93.055029",
      eprint         = "1509.07867",
      archivePrefix  = "arXiv",
      primaryClass   = "hep-ph",
      reportNumber   = "TTK-15-23",
      SLACcitation   = "%%CITATION = ARXIV:1509.07867;%%"
}

@article{Silk:1985ax,
      author         = "Silk, Joseph and Olive, Keith A. and Srednicki, Mark",
      title          = "{The Photino, the Sun and High-Energy Neutrinos}",
      journal        = "Phys. Rev. Lett.",
      volume         = "55",
      year           = "1985",
      pages          = "257-259",
      doi            = "10.1103/PhysRevLett.55.257",
      reportNumber   = "FERMILAB-PUB-85-062-A",
      SLACcitation   = "%%CITATION = PRLTA,55,257;%%"
}

@article{Gelmini:2010zh,
      author         = "Gelmini, Graciela and Gondolo, Paolo",
      title          = "{DM Production Mechanisms}",
      year           = "2010",
      eprint         = "1009.3690",
      archivePrefix  = "arXiv",
      primaryClass   = "astro-ph.CO",
      SLACcitation   = "%%CITATION = ARXIV:1009.3690;%%"
}

@article{Akerib:2016lao,
      author         = "Akerib, D. S. and others",
      title          = "{Results on the Spin-Dependent Scattering of Weakly
                        Interacting Massive Particles on Nucleons from the Run 3
                        Data of the LUX Experiment}",
      collaboration  = "LUX",
      journal        = "Phys. Rev. Lett.",
      volume         = "116",
      year           = "2016",
      number         = "16",
      pages          = "161302",
      doi            = "10.1103/PhysRevLett.116.161302",
      eprint         = "1602.03489",
      archivePrefix  = "arXiv",
      primaryClass   = "hep-ex",
      SLACcitation   = "%%CITATION = ARXIV:1602.03489;%%"
}

@article{Chala:2015ama,
      author         = "Chala, Mikael and Kahlhoefer, Felix and McCullough,
                        Matthew and Nardini, Germano and Schmidt-Hoberg, Kai",
      title          = "{Constraining Dark Sectors with Monojets and Dijets}",
      journal        = "JHEP",
      volume         = "07",
      year           = "2015",
      pages          = "089",
      doi            = "10.1007/JHEP07(2015)089",
      eprint         = "1503.05916",
      archivePrefix  = "arXiv",
      primaryClass   = "hep-ph",
      reportNumber   = "DESY-15-036, CERN-PH-TH-2015-057",
      SLACcitation   = "%%CITATION = ARXIV:1503.05916;%%"
}

@article{Akerib:2015rjg,
      author         = "Akerib, D. S. and others",
      title          = "{Improved Limits on Scattering of Weakly Interacting
                        Massive Particles from Reanalysis of 2013 LUX Data}",
      collaboration  = "LUX",
      journal        = "Phys. Rev. Lett.",
      volume         = "116",
      year           = "2016",
      number         = "16",
      pages          = "161301",
      doi            = "10.1103/PhysRevLett.116.161301",
      eprint         = "1512.03506",
      archivePrefix  = "arXiv",
      primaryClass   = "astro-ph.CO",
      SLACcitation   = "%%CITATION = ARXIV:1512.03506;%%"
}

@article{Aprile:2015uzo,
      author         = "Aprile, E. and others",
      title          = "{Physics reach of the XENON1T dark matter experiment}",
      collaboration  = "XENON",
      journal        = "JCAP",
      volume         = "1604",
      year           = "2016",
      number         = "04",
      pages          = "027",
      doi            = "10.1088/1475-7516/2016/04/027",
      eprint         = "1512.07501",
      archivePrefix  = "arXiv",
      primaryClass   = "physics.ins-det",
      SLACcitation   = "%%CITATION = ARXIV:1512.07501;%%"
}

@article{Agnese:2015nto,
      author         = "Agnese, R. and others",
      title          = "{New Results from the Search for Low-Mass Weakly
                        Interacting Massive Particles with the CDMS Low Ionization
                        Threshold Experiment}",
      collaboration  = "SuperCDMS",
      journal        = "Phys. Rev. Lett.",
      volume         = "116",
      year           = "2016",
      number         = "7",
      pages          = "071301",
      doi            = "10.1103/PhysRevLett.116.071301",
      eprint         = "1509.02448",
      archivePrefix  = "arXiv",
      primaryClass   = "astro-ph.CO",
      reportNumber   = "IPPP-15-56, DCTP-15-112, FERMILAB-PUB-15-394-AE",
      SLACcitation   = "%%CITATION = ARXIV:1509.02448;%%"
}

@article{Angloher:2015ewa,
      author         = "Angloher, G. and others",
      title          = "{Results on light dark matter particles with a
                        low-threshold CRESST-II detector}",
      collaboration  = "CRESST",
      journal        = "Eur. Phys. J.",
      volume         = "C76",
      year           = "2016",
      pages          = "25",
      doi            = "10.1140/epjc/s10052-016-3877-3",
      eprint         = "1509.01515",
      archivePrefix  = "arXiv",
      primaryClass   = "astro-ph.CO",
      SLACcitation   = "%%CITATION = ARXIV:1509.01515;%%"
}

@article{Amole:2016pye,
      author         = "Amole, C. and others",
      title          = "{Improved dark matter search results from PICO-2L Run 2}",
      collaboration  = "PICO",
      journal        = "Phys. Rev.",
      volume         = "D93",
      year           = "2016",
      number         = "6",
      pages          = "061101",
      doi            = "10.1103/PhysRevD.93.061101",
      eprint         = "1601.03729",
      archivePrefix  = "arXiv",
      primaryClass   = "astro-ph.CO",
      reportNumber   = "FERMILAB-PUB-16-028-AE-E-PPD",
      SLACcitation   = "%%CITATION = ARXIV:1601.03729;%%"
}

@article{Amole:2015pla,
      author         = "Amole, C. and others",
      title          = "{Dark matter search results from the PICO-60 CF$_3$I
                        bubble chamber}",
      collaboration  = "PICO",
      journal        = "Phys. Rev.",
      volume         = "D93",
      year           = "2016",
      number         = "5",
      pages          = "052014",
      doi            = "10.1103/PhysRevD.93.052014",
      eprint         = "1510.07754",
      archivePrefix  = "arXiv",
      primaryClass   = "hep-ex",
      reportNumber   = "FERMILAB-PUB-15-449-AE-E",
      SLACcitation   = "%%CITATION = ARXIV:1510.07754;%%"
}

@article{Aprile:2013doa,
      author         = "Aprile, E. and others",
      title          = "{Limits on spin-dependent WIMP-nucleon cross sections
                        from 225 live days of XENON100 data}",
      collaboration  = "XENON100",
      journal        = "Phys. Rev. Lett.",
      volume         = "111",
      year           = "2013",
      number         = "2",
      pages          = "021301",
      doi            = "10.1103/PhysRevLett.111.021301",
      eprint         = "1301.6620",
      archivePrefix  = "arXiv",
      primaryClass   = "astro-ph.CO",
      SLACcitation   = "%%CITATION = ARXIV:1301.6620;%%"
}


@article{Buchmueller:2015eea,
      author         = "Buchmueller, Oliver and Malik, Sarah A. and McCabe,
                        Christopher and Penning, Bjoern",
      title          = "{Constraining Dark Matter Interactions with Pseudoscalar
                        and Scalar Mediators Using Collider Searches for Multijets
                        plus Missing Transverse Energy}",
      journal        = "Phys. Rev. Lett.",
      volume         = "115",
      year           = "2015",
      pages          = "181802",
      doi            = "10.1103/PhysRevLett.115.181802",
      eprint         = "1505.07826",
      archivePrefix  = "arXiv",
      primaryClass   = "hep-ph",
      SLACcitation   = "%%CITATION = ARXIV:1505.07826;%%"
}

@article{Aartsen:2016exj,
      author         = "Aartsen, M. G. and others",
      title          = "{Improved limits on dark matter annihilation in the Sun
                        with the 79-string IceCube detector and implications for
                        supersymmetry}",
      collaboration  = "IceCube",
      journal        = "JCAP",
      volume         = "1604",
      year           = "2016",
      number         = "04",
      pages          = "022",
      doi            = "10.1088/1475-7516/2016/04/022",
      eprint         = "1601.00653",
      archivePrefix  = "arXiv",
      primaryClass   = "hep-ph",
      SLACcitation   = "%%CITATION = ARXIV:1601.00653;%%"
}

@misc{DMTools,
howpublished = {DMTools, \url{http://dmtools.brown.edu}}
}

@misc{Agashe:2014kda,
      howpublished        = {A.~Ringwald, L.~J.~Rosenberg, G.~Rybka, {\it Axions and other similar particles in the Review of Particle Physics, Chin.Phys.} {\bf C38} (2014) 090001, \url{http://pdg.lbl.gov/2015/reviews/rpp2015-rev-axions.pdf}}
      }
      
     

@misc{relic_results,
howpublished = {Relic Density Calculation, courtesy T. du Pree, \url{http://cern.ch/LPCC/index.php?page=dm\_wg\_docs}}
}


%   archivePrefix  = "{http://cern.ch/LPCC/index.php?page=dm\_wg\_docs}",

@misc{DMTools,
howpublished = {DMTools, \url{http://dmtools.brown.edu}}
}


%@article{DMTools,
%title = ?DMTools: \url{http://dmtools.brown.edu}"
%}


@article{Backovic:2013dpa,
      author         = "Backovic, Mihailo and Kong, Kyoungchul and McCaskey,
                        Mathew",
      title          = "{MadDM v.1.0: Computation of Dark Matter Relic Abundance
                        Using MadGraph5}",
      journal        = "Physics of the Dark Universe",
      volume         = "5-6",
      year           = "2014",
      pages          = "18-28",
      doi            = "10.1016/j.dark.2014.04.001",
      eprint         = "1308.4955",
      archivePrefix  = "arXiv",
      primaryClass   = "hep-ph",
      SLACcitation   = "%%CITATION = ARXIV:1308.4955;%%"
}

@article{Backovic:2015cra,
      author         = "Backovic, Mihailo and Martini, Antony and Mattelaer,
                        Olivier and Kong, Kyoungchul and Mohlabeng, Gopolang",
      title          = "{Direct Detection of Dark Matter with MadDM v.2.0}",
      journal        = "Phys. Dark Univ.",
      volume         = "9-10",
      year           = "2015",
      pages          = "37-50",
      doi            = "10.1016/j.dark.2015.09.001",
      eprint         = "1505.04190",
      archivePrefix  = "arXiv",
      primaryClass   = "hep-ph",
      SLACcitation   = "%%CITATION = ARXIV:1505.04190;%%"
}


@inproceedings{Belanger:2014hqa,
      author         = "Belanger, G. and Boudjema, F. and Pukhov, A.",
      title          = "{micrOMEGAs: a code for the calculation of Dark Matter
                        properties in generic models of particle interaction}",
      booktitle      = "{The Dark Secrets of the Terascale}",
      year           = "2013",
      url            = "https://inspirehep.net/record/1280091/files/arXiv:1402.0787.pdf",
      pages          = "739-790",
      doi            = "10.1142/9789814390163_0012",
      eprint         = "1402.0787",
      archivePrefix  = "arXiv",
      primaryClass   = "hep-ph",
      SLACcitation   = "%%CITATION = ARXIV:1402.0787;%%"
      
@article{Belanger:2014vza,
      author         = "Belanger, G. and Boudjema, F. and Pukhov, A. and
                        Semenov, A.",
      title          = "{micrOMEGAs4.1: two dark matter candidates}",
      journal        = "Comput. Phys. Commun.",
      volume         = "192",
      year           = "2015",
      pages          = "322-329",
      doi            = "10.1016/j.cpc.2015.03.003",
      eprint         = "1407.6129",
      archivePrefix  = "arXiv",
      primaryClass   = "hep-ph",
      SLACcitation   = "%%CITATION = ARXIV:1407.6129;%%"
}


@article{Buchmueller:2013dya,
      author         = "Buchmueller, O. and Dolan, Matthew J. and McCabe,
                        Christopher",
      title          = "{Beyond Effective Field Theory for Dark Matter Searches
                        at the LHC}",
      journal        = "JHEP",
      volume         = "01",
      year           = "2014",
      pages          = "025",
      doi            = "10.1007/JHEP01(2014)025",
      eprint         = "1308.6799",
      archivePrefix  = "arXiv",
      primaryClass   = "hep-ph",
      reportNumber   = "IPPP-13-63, DCPT-13-128",
      SLACcitation   = "%%CITATION = ARXIV:1308.6799;%%"
}

@article{D'Ambrosio:2002ex,
      author         = "D'Ambrosio, G. and Giudice, G. F. and Isidori, G. and
                        Strumia, A.",
      title          = "{Minimal flavor violation: An Effective field theory
                        approach}",
      journal        = "Nucl. Phys.",
      volume         = "B645",
      year           = "2002",
      pages          = "155-187",
      doi            = "10.1016/S0550-3213(02)00836-2",
      eprint         = "hep-ph/0207036",
      archivePrefix  = "arXiv",
      primaryClass   = "hep-ph",
      reportNumber   = "CERN-TH-2002-147, IFUP-TH-2002-17",
      SLACcitation   = "%%CITATION = HEP-PH/0207036;%%"
}

@article{Dudas:2009uq,
      author         = "Dudas, E. and Mambrini, Y. and Pokorski, S. and
                        Romagnoni, A.",
      title          = "{(In)visible $Z^\prime$ and dark matter}",
      journal        = "JHEP",
      volume         = "08",
      year           = "2009",
      pages          = "014",
      doi            = "10.1088/1126-6708/2009/08/014",
      eprint         = "0904.1745",
      archivePrefix  = "arXiv",
      primaryClass   = "hep-ph",
      reportNumber   = "CPHT-RR-024-0409, LPT-ORSAY-09-26",
      SLACcitation   = "%%CITATION = ARXIV:0904.1745;%%"
}

@article{Goodman:2011jq,
      author         = "Goodman, Jessica and Shepherd, William",
      title          = "{LHC Bounds on UV-Complete Models of Dark Matter}",
      year           = "2011",
      eprint         = "1111.2359",
      archivePrefix  = "arXiv",
      primaryClass   = "hep-ph",
      reportNumber   = "UCI-HEP-TR-2011-22",
      SLACcitation   = "%%CITATION = ARXIV:1111.2359;%%"
}

@article{An:2012va,
      author         = "An, Haipeng and Ji, Xiangdong and Wang, Lian-Tao",
      title          = "{Light Dark Matter and $Z'$ Dark Force at Colliders}",
      journal        = "JHEP",
      volume         = "07",
      year           = "2012",
      pages          = "182",
      doi            = "10.1007/JHEP07(2012)182",
      eprint         = "1202.2894",
      archivePrefix  = "arXiv",
      primaryClass   = "hep-ph",
      reportNumber   = "PI-PARTPHYS-258, UMD-DOE-ER-40762-514",
      SLACcitation   = "%%CITATION = ARXIV:1202.2894;%%"
}

@article{Frandsen:2012rk,
      author         = "Frandsen, Mads T. and Kahlhoefer, Felix and Preston,
                        Anthony and Sarkar, Subir and Schmidt-Hoberg, Kai",
      title          = "{LHC and Tevatron Bounds on the Dark Matter Direct
                        Detection Cross-Section for Vector Mediators}",
      journal        = "JHEP",
      volume         = "07",
      year           = "2012",
      pages          = "123",
      doi            = "10.1007/JHEP07(2012)123",
      eprint         = "1204.3839",
      archivePrefix  = "arXiv",
      primaryClass   = "hep-ph",
      reportNumber   = "OUTP-12-05P",
      SLACcitation   = "%%CITATION = ARXIV:1204.3839;%%"
}

@article{Dreiner:2013vla,
      author         = "Dreiner, Herbi and Schmeier, Daniel and Tattersall,
                        Jamie",
      title          = "{Contact Interactions Probe Effective Dark Matter Models
                        at the LHC}",
      journal        = "Europhys. Lett.",
      volume         = "102",
      year           = "2013",
      pages          = "51001",
      doi            = "10.1209/0295-5075/102/51001",
      eprint         = "1303.3348",
      archivePrefix  = "arXiv",
      primaryClass   = "hep-ph",
      SLACcitation   = "%%CITATION = ARXIV:1303.3348;%%"
}

@article{Cotta:2013jna,
      author         = "Cotta, Randel C. and Rajaraman, Arvind and Tait, Tim M.
                        P. and Wijangco, Alexander M.",
      title          = "{Particle Physics Implications and Constraints on Dark
                        Matter Interpretations of the CDMS Signal}",
      journal        = "Phys. Rev.",
      volume         = "D90",
      year           = "2014",
      pages          = "013020",
      doi            = "10.1103/PhysRevD.90.013020",
      eprint         = "1305.6609",
      archivePrefix  = "arXiv",
      primaryClass   = "hep-ph",
      reportNumber   = "UCI-HEP-TR-2013-10",
      SLACcitation   = "%%CITATION = ARXIV:1305.6609;%%"
}


@article{Abdullah:2014lla,
      author         = "Abdullah, Mohammad and DiFranzo, Anthony and Rajaraman,
                        Arvind and Tait, Tim M. P. and Tanedo, Philip and
                        Wijangco, Alexander M.",
      title          = "{Hidden on-shell mediators for the Galactic Center
                        $\gamma$-ray excess}",
      journal        = "Phys. Rev.",
      volume         = "D90",
      year           = "2014",
      pages          = "035004",
      doi            = "10.1103/PhysRevD.90.035004",
      eprint         = "1404.6528",
      archivePrefix  = "arXiv",
      primaryClass   = "hep-ph",
      SLACcitation   = "%%CITATION = ARXIV:1404.6528;%%"
}

@article{Buchmueller:2014yoa,
      author         = "Buchmueller, Oliver and Dolan, Matthew J. and Malik,
                        Sarah A. and McCabe, Christopher",
      title          = "{Characterising dark matter searches at colliders and
                        direct detection experiments: Vector mediators}",
      journal        = "JHEP",
      volume         = "01",
      year           = "2015",
      pages          = "037",
      doi            = "10.1007/JHEP01(2015)037",
      eprint         = "1407.8257",
      archivePrefix  = "arXiv",
      primaryClass   = "hep-ph",
      reportNumber   = "IPPP-14-68, DCPT-14-136, SLAC-PUB-16033",
      SLACcitation   = "%%CITATION = ARXIV:1407.8257;%%"
}

@article{Malik:2014ggr,
      author         = "Malik, Sarah A. and others",
      title          = "{Interplay and Characterization of Dark Matter Searches
                        at Colliders and in Direct Detection Experiments}",
      journal        = "Phys. Dark Univ.",
      volume         = "9-10",
      year           = "2015",
      pages          = "51-58",
      doi            = "10.1016/j.dark.2015.03.003",
      eprint         = "1409.4075",
      archivePrefix  = "arXiv",
      primaryClass   = "hep-ex",
      reportNumber   = "KCL-PH-TH-2014-37, LCTS-2014-36, CERN-PH-TH-2014-180",
      SLACcitation   = "%%CITATION = ARXIV:1409.4075;%%"
}

@article{Abdallah:2014hon,
      author         = "Abdallah, Jalal and others",
      title          = "{Simplified Models for Dark Matter and Missing Energy
                        Searches at the LHC}",
      year           = "2014",
      eprint         = "1409.2893",
      archivePrefix  = "arXiv",
      primaryClass   = "hep-ph",
      reportNumber   = "FERMILAB-FN-0990-PPD",
      SLACcitation   = "%%CITATION = ARXIV:1409.2893;%%"
}

@article{Harris:2014hga,
      author         = "Harris, Philip and Khoze, Valentin V. and Spannowsky,
                        Michael and Williams, Ciaran",
      title          = "{Constraining Dark Sectors at Colliders: Beyond the
                        Effective Theory Approach}",
      journal        = "Phys. Rev.",
      volume         = "D91",
      year           = "2015",
      pages          = "055009",
      doi            = "10.1103/PhysRevD.91.055009",
      eprint         = "1411.0535",
      archivePrefix  = "arXiv",
      primaryClass   = "hep-ph",
      reportNumber   = "IPPP-14-94, DCPT-14-188",
      SLACcitation   = "%%CITATION = ARXIV:1411.0535;%%"
}

@article{Abdallah:2015ter,
      author         = "Abdallah, Jalal and others",
      title          = "{Simplified Models for Dark Matter Searches at the LHC}",
      journal        = "Phys. Dark Univ.",
      volume         = "9-10",
      year           = "2015",
      pages          = "8-23",
      doi            = "10.1016/j.dark.2015.08.001",
      eprint         = "1506.03116",
      archivePrefix  = "arXiv",
      primaryClass   = "hep-ph",
      reportNumber   = "FERMILAB-PUB-15-283-CD, CERN-PH-TH-2015-139",
      SLACcitation   = "%%CITATION = ARXIV:1506.03116;%%"
}

@article{Haisch:2015ioa,
      author         = "Haisch, Ulrich and Re, Emanuele",
      title          = "{Simplified dark matter top-quark interactions at the
                        LHC}",
      journal        = "JHEP",
      volume         = "06",
      year           = "2015",
      pages          = "078",
      doi            = "10.1007/JHEP06(2015)078",
      eprint         = "1503.00691",
      archivePrefix  = "arXiv",
      primaryClass   = "hep-ph",
      reportNumber   = "OUTP-15-02P, CERN-PH-TH-2015-201",
      SLACcitation   = "%%CITATION = ARXIV:1503.00691;%%"
}


@misc{LHCDMWGWorkshop,
howpublished = "LHC Dark Matter WG public meeting, 10-11 December 2015, CERN, \url{https://cds.cern.ch/record/2114807}"
}

@techreport{CMS-PAS-EXO-15-003,
	title         = "{Search for dark matter with jets and missing transverse
	energy  at 13 TeV}",
	institution   = "CERN",
	collaboration = "CMS Collaboration",
	address       = "Geneva",
	number        = "CMS-PAS-EXO-15-003",
	year          = "2015",
	reportNumber  = "CMS-PAS-EXO-15-003",
	url           = "https://cds.cern.ch/record/2114807",
}

@article{Jacques:2015zha,
	author         = "Jacques, Thomas and Nordstroem, Karl" ,
	title          = "{Mapping monojet constraints onto Simplified Dark Matter Models}",
	journal        = "JHEP",
	volume         = "06",
	year           = "2015",
	pages          = "142",
	doi            = "10.1007/JHEP06(2015)142",
	eprint         = "1502.05721",
	archivePrefix  = "arXiv",
	primaryClass   = "hep-ph",
	SLACcitation   = "%%CITATION = ARXIV:1502.05721;%%"
}

@article{Kahlhoefer:2015bea,
      author         = "Kahlhoefer, Felix and Schmidt-Hoberg, Kai and Schwetz,
                        Thomas and Vogl, Stefan",
      title          = "{Implications of unitarity and gauge invariance for
                        simplified dark matter models}",
      journal        = "JHEP",
      volume         = "02",
      year           = "2016",
      pages          = "016",
      doi            = "10.1007/JHEP02(2016)016",
           eprint         = "1510.02110",
      archivePrefix  = "arXiv",
      primaryClass   = "hep-ph",
      reportNumber   = "DESY-15-182",
      SLACcitation   = "%%CITATION = ARXIV:1510.02110;%%"
}

@article{Aad:2015zva,
	author         = "Aad, Georges and others",
	title          = "{Search for new phenomena in final states with an
	energetic jet and large missing transverse momentum in pp
	collisions at $\sqrt{s}=$8 TeV with the ATLAS detector}",
	collaboration  = "ATLAS",
	journal        = "Eur. Phys. J.",
	volume         = "C75",
	year           = "2015",
	number         = "7",
	pages          = "299",
	doi            = "10.1140/epjc/s10052-015-3517-3,
	10.1140/epjc/s10052-015-3639-7",
	note           = "[Erratum: Eur. Phys. J.C75,no.9,408(2015)]",
	eprint         = "1502.01518",
	archivePrefix  = "arXiv",
	primaryClass   = "hep-ex",
	reportNumber   = "CERN-PH-EP-2014-299",
	SLACcitation   = "%%CITATION = ARXIV:1502.01518;%%"
}

@article{Ellis:2008hf,
      author         = "Ellis, John R. and Olive, Keith A. and Savage,
                        Christopher",
      title          = "{Hadronic Uncertainties in the Elastic Scattering of
                        Supersymmetric Dark Matter}",
      journal        = "Phys. Rev.",
      volume         = "D77",
      year           = "2008",
      pages          = "065026",
      doi            = "10.1103/PhysRevD.77.065026",
      eprint         = "0801.3656",
      archivePrefix  = "arXiv",
      primaryClass   = "hep-ph",
      reportNumber   = "CERN-PH-TH-2008-005, UMN-TH-2631-08, FTPI-MINN-08-02",
      SLACcitation   = "%%CITATION = ARXIV:0801.3656;%%"
}

@article{CMS:2015jha,
      author         = "CMS Collaboration",
      title          = "{Search for New Physics in the V-jet + MET final state}",
      collaboration  = "CMS",
      year           = "2015",
      reportNumber   = "CMS-PAS-EXO-12-055",
      SLACcitation   = "%%CITATION = CMS-PAS-EXO-12-055;%%"
}


@article{Abercrombie:2015wmb,
      author         = "Abercrombie, Daniel and others",
      title          = "{Dark Matter Benchmark Models for Early LHC Run-2
                        Searches: Report of the ATLAS/CMS Dark Matter Forum}",
      year           = "2015",
      eprint         = "1507.00966",
      archivePrefix  = "arXiv",
      primaryClass   = "hep-ex",
      reportNumber   = "FERMILAB-PUB-15-282-CD",
      SLACcitation   = "%%CITATION = ARXIV:1507.00966;%%"
}

@inproceedings{Malik:2014ggr,
      author         = "Malik, Sarah and others",
      title          = "{Interplay and Characterization of Dark Matter Searches
                        at Colliders and in Direct Detection Experiments}",
      url            = "http://inspirehep.net/record/1316493/files/arXiv:1409.4075.pdf",
      year           = "2014",
      eprint         = "1409.4075",
      archivePrefix  = "arXiv",
      primaryClass   = "hep-ex",
      reportNumber   = "KCL-PH-TH-2014-37, LCTS-2014-36, CERN-PH-TH-2014-180",
      SLACcitation   = "%%CITATION = ARXIV:1409.4075;%%"
}

@article{Buchmueller:2015eea,
      author         = "Buchmueller, Oliver and Malik, Sarah A. and McCabe,
                        Christopher and Penning, Bjoern",
      title          = "{Constraining the Fermi-LAT excess with multi-jet plus
                        MET collider searches}",
      year           = "2015",
      eprint         = "1505.07826",
      archivePrefix  = "arXiv",
      primaryClass   = "hep-ph",
      SLACcitation   = "%%CITATION = ARXIV:1505.07826;%%"
}

@article{Cirelli:2010xx,
author         = "Cirelli, Marco and Corcella, Gennaro and Hektor, Andi and
Hutsi, Gert and Kadastik, Mario and Panci, Paolo and
Raidal, Martti and Sala, Filippo and Strumia, Alessandro",
title          = "{PPPC 4 DM ID: A Poor Particle Physicist Cookbook for
Dark Matter Indirect Detection}",
journal        = "JCAP",
volume         = "1103",
year           = "2011",
pages          = "051",
doi            = "10.1088/1475-7516/2012/10/E01,
10.1088/1475-7516/2011/03/051",
note           = "[Erratum: {\it JCAP} {\bf 1210} (2012) E01]",
eprint         = "1012.4515",
archivePrefix  = "arXiv",
primaryClass   = "hep-ph",
reportNumber   = "CERN-PH-TH-2010-057, SACLAY-T10-025, IFUP-TH-2010-44",
SLACcitation   = "%%CITATION = ARXIV:1012.4515;%%"
}

@article{Ackermann:2015zua,
      author         = "Ackermann, M. and others",
      title          = "{Searching for Dark Matter Annihilation from Milky Way
                        Dwarf Spheroidal Galaxies with Six Years of Fermi Large
                        Area Telescope Data}",
      collaboration  = "Fermi-LAT",
      journal        = "Phys. Rev. Lett.",
      volume         = "115",
      year           = "2015",
      pages          = "231301",
      doi            = "10.1103/PhysRevLett.115.231301",
      eprint         = "1503.02641",
      archivePrefix  = "arXiv",
      primaryClass   = "astro-ph.HE",
      reportNumber   = "FERMILAB-PUB-15-081-AE",
      SLACcitation   = "%%CITATION = ARXIV:1503.02641;%%"
}

@article{Junnarkar:2013ac,
      author         = "Junnarkar, Parikshit and Walker-Loud, Andre",
      title          = "{Scalar strange content of the nucleon from lattice QCD}",
      journal        = "Phys. Rev.",
      volume         = "D87",
      year           = "2013",
      pages          = "114510",
      doi            = "10.1103/PhysRevD.87.114510",
      eprint         = "1301.1114",
      archivePrefix  = "arXiv",
      primaryClass   = "hep-lat",
      reportNumber   = "NT-LBNL-13-001, UCB-NPAT-13-001, UNH-13-01",
      SLACcitation   = "%%CITATION = ARXIV:1301.1114;%%"
}

@article{Hoferichter:2015dsa,
      author         = "Hoferichter, Martin and Ruiz de Elvira, J. and Kubis,
                        Bastian and Mei{\ss}ner, Ulf-G.",
      title          = "{High-Precision Determination of the Pion-Nucleon $\sigma$ Term
                        from Roy-Steiner Equations}",
      journal        = "Phys. Rev. Lett.",
      volume         = "115",
      year           = "2015",
      pages          = "092301",
      doi            = "10.1103/PhysRevLett.115.092301",
      eprint         = "1506.04142",
      archivePrefix  = "arXiv",
      primaryClass   = "hep-ph",
      reportNumber   = "INT-PUB-15-026",
      SLACcitation   = "%%CITATION = ARXIV:1506.04142;%%"
}


@article{Buckley:2014fba,
      author         = "Buckley, Matthew R. and Feld, David and Goncalves,
                        Dorival",
      title          = "{Scalar Simplified Models for Dark Matter}",
      journal        = "Phys. Rev.",
      volume         = "D91",
      year           = "2015",
      number         = "1",
      pages          = "015017",
      doi            = "10.1103/PhysRevD.91.015017",
      eprint         = "1410.6497",
      archivePrefix  = "arXiv",
      primaryClass   = "hep-ph",
      reportNumber   = "IPPP-14-92, DCPT-14-184",
      SLACcitation   = "%%CITATION = ARXIV:1410.6497;%%"
}

@article{Buchmueller:2014yoa,
      author         = "Buchmueller, Oliver and Dolan, Matthew J. and Malik,
                        Sarah A. and McCabe, Christopher",
      title          = "{Characterising dark matter searches at colliders and
                        direct detection experiments: Vector mediators}",
      journal        = "JHEP",
      volume         = "01",
      year           = "2015",
      pages          = "037",
      doi            = "10.1007/JHEP01(2015)037",
      eprint         = "1407.8257",
      archivePrefix  = "arXiv",
      primaryClass   = "hep-ph",
      reportNumber   = "IPPP-14-68, DCPT-14-136, SLAC-PUB-16033",
      SLACcitation   = "%%CITATION = ARXIV:1407.8257;%%"
}

@article{Pumplin:2002vw,
      author         = "Pumplin, J. and Stump, D.R. and Huston, J. and Lai, H.L.
                        and Nadolsky, Pavel M. and others",
      title          = "{New generation of parton distributions with
                        uncertainties from global QCD analysis}",
      journal        = "JHEP",
      volume         = "0207",
      pages          = "012",
      doi            = "10.1088/1126-6708/2002/07/012",
      year           = "2002",
      eprint         = "hep-ph/0201195",
      archivePrefix  = "arXiv",
      primaryClass   = "hep-ph",
      reportNumber   = "MSU-HEP-011101",
      SLACcitation   = "%%CITATION = HEP-PH/0201195;%%",
}

@article{Ruppin:2014bra,
      author         = "Ruppin, F. and Billard, J. and Figueroa-Feliciano, E. and
                        Strigari, L.",
      title          = "{Complementarity of dark matter detectors in light of the
                        neutrino background}",
      journal        = "Phys.Rev.",
      volume         = "D90",
      pages          = "083510",
      doi            = "10.1103/PhysRevD.90.083510",
      year           = "2014",
      eprint         = "1408.3581",
      archivePrefix  = "arXiv",
      primaryClass   = "hep-ph",
      SLACcitation   = "%%CITATION = ARXIV:1408.3581;%%",
}

@article{Grothaus:2014hja,
      author         = "Grothaus, Philipp and Fairbairn, Malcolm and Monroe,
                        Jocelyn",
      title          = "{Directional Dark Matter Detection Beyond the Neutrino
                        Bound}",
      journal        = "Phys.Rev.",
      volume         = "D90",
      pages          = "055018",
      doi            = "10.1103/PhysRevD.90.055018",
      year           = "2014",
      eprint         = "1406.5047",
      archivePrefix  = "arXiv",
      primaryClass   = "hep-ph",
      reportNumber   = "KCL-PH-TH-2014-28, LCTS-2014-27",
      SLACcitation   = "%%CITATION = ARXIV:1406.5047;%%",
}

@article{Crivellin:2014qxa,
      author         = "Crivellin, Andreas and D'Eramo, Francesco and Procura,
                        Massimiliano",
      title          = "{New Constraints on Dark Matter Effective Theories from
                        Standard Model Loops}",
      journal        = "Phys.Rev.Lett.",
      volume         = "112",
      pages          = "191304",
      doi            = "10.1103/PhysRevLett.112.191304",
      year           = "2014",
      eprint         = "1402.1173",
      archivePrefix  = "arXiv",
      primaryClass   = "hep-ph",
      reportNumber   = "UCB-PTH-14-01, CERN-PH-TH-2014-016",
      SLACcitation   = "%%CITATION = ARXIV:1402.1173;%%",
}

@article{Duerr:2013lka,
      author         = "Duerr, Michael and Fileviez Perez, Pavel",
      title          = "{Baryonic Dark Matter}",
      journal        = "Phys.Lett.",
      volume         = "B732",
      pages          = "101-104",
      doi            = "10.1016/j.physletb.2014.03.011",
      year           = "2014",
      eprint         = "1309.3970",
      archivePrefix  = "arXiv",
      primaryClass   = "hep-ph",
      SLACcitation   = "%%CITATION = ARXIV:1309.3970;%%",
}

@article{Duerr:2013dza,
      author         = "Duerr, Michael and Fileviez Perez, Pavel and Wise, Mark
                        B.",
      title          = "{Gauge Theory for Baryon and Lepton Numbers with
                        Leptoquarks}",
      journal        = "Phys.Rev.Lett.",
      volume         = "110",
      pages          = "231801",
      doi            = "10.1103/PhysRevLett.110.231801",
      year           = "2013",
      eprint         = "1304.0576",
      archivePrefix  = "arXiv",
      primaryClass   = "hep-ph",
      SLACcitation   = "%%CITATION = ARXIV:1304.0576;%%",
}

@article{Lee:2013xxa,
      author         = "Lee, Samuel K. and Lisanti, Mariangela and Safdi,
                        Benjamin R.",
      title          = "{Dark-Matter Harmonics Beyond Annual Modulation}",
      journal        = "JCAP",
      volume         = "1311",
      pages          = "033",
      doi            = "10.1088/1475-7516/2013/11/033",
      year           = "2013",
      eprint         = "1307.5323",
      archivePrefix  = "arXiv",
      primaryClass   = "hep-ph",
      SLACcitation   = "%%CITATION = ARXIV:1307.5323;%%",
}

@article{Hamaguchi:2014pja,
      author         = "Hamaguchi, Koichi and Liew, Seng Pei and Moroi, Takeo and
                        Yamamoto, Yasuhiro",
      title          = "{Isospin-Violating Dark Matter with Colored Mediators}",
      journal        = "JHEP",
      volume         = "1405",
      pages          = "086",
      doi            = "10.1007/JHEP05(2014)086",
      year           = "2014",
      eprint         = "1403.0324",
      archivePrefix  = "arXiv",
      primaryClass   = "hep-ph",
      reportNumber   = "UT-14-7, IPMU-14-0045, UG-FT308-14, CAFPE178-14",
      SLACcitation   = "%%CITATION = ARXIV:1403.0324;%%",
}

@article{An:2013xka,
      author         = "An, Haipeng and Wang, Lian-Tao and Zhang, Hao",
      title          = "{Dark matter with $t$-channel mediator: a simple step
                        beyond contact interaction}",
      journal        = "Phys.Rev.",
      volume         = "D89",
      pages          = "115014",
      doi            = "10.1103/PhysRevD.89.115014",
      year           = "2014",
      eprint         = "1308.0592",
      archivePrefix  = "arXiv",
      primaryClass   = "hep-ph",
      reportNumber   = "IIT-CAPP-13-06, ANL-HEP-PR-13-38",
      SLACcitation   = "%%CITATION = ARXIV:1308.0592;%%",
}

@article{Chang:2013oia,
      author         = "Chang, Spencer and Edezhath, Ralph and Hutchinson,
                        Jeffrey and Luty, Markus",
      title          = "{Effective WIMPs}",
      journal        = "Phys.Rev.",
      volume         = "D89",
      pages          = "015011",
      doi            = "10.1103/PhysRevD.89.015011",
      year           = "2014",
      eprint         = "1307.8120",
      archivePrefix  = "arXiv",
      primaryClass   = "hep-ph",
      SLACcitation   = "%%CITATION = ARXIV:1307.8120;%%",
}

@article{DiFranzo:2013vra,
      author         = "DiFranzo, Anthony and Nagao, Keiko I. and Rajaraman,
                        Arvind and Tait, Tim M. P.",
      title          = "{Simplified Models for Dark Matter Interacting with
                        Quarks}",
      journal        = "JHEP",
      volume         = "1311",
      pages          = "014",
      doi            = "10.1007/JHEP11(2013)014",
      year           = "2013",
      eprint         = "1308.2679",
      archivePrefix  = "arXiv",
      primaryClass   = "hep-ph",
      reportNumber   = "UCI-HEP-TR-2013-17, KEK-TH-1659",
      SLACcitation   = "%%CITATION = ARXIV:1308.2679;%%",
}

@article{Pradler:2012qt,
      author         = "Pradler, Josef and Singh, Balraj and Yavin, Itay",
      title          = "{On an unverified nuclear decay and its role in the DAMA
                        experiment}",
      journal        = "Phys.Lett.",
      volume         = "B720",
      pages          = "399-404",
      doi            = "10.1016/j.physletb.2013.02.033",
      year           = "2013",
      eprint         = "1210.5501",
      archivePrefix  = "arXiv",
      primaryClass   = "hep-ph",
      SLACcitation   = "%%CITATION = ARXIV:1210.5501;%%",
}

@article{Blum:2011jf,
      author         = "Blum, Kfir",
      title          = "{DAMA vs. the annually modulated muon background}",
      year           = "2011",
      eprint         = "1110.0857",
      archivePrefix  = "arXiv",
      primaryClass   = "astro-ph.HE",
      SLACcitation   = "%%CITATION = ARXIV:1110.0857;%%",
}

@article{Petraki:2013wwa,
      author         = "Petraki, Kalliopi and Volkas, Raymond R.",
      title          = "{Review of asymmetric dark matter}",
      journal        = "Int.J.Mod.Phys.",
      volume         = "A28",
      pages          = "1330028",
      doi            = "10.1142/S0217751X13300287",
      year           = "2013",
      eprint         = "1305.4939",
      archivePrefix  = "arXiv",
      primaryClass   = "hep-ph",
      reportNumber   = "NIKHEF-2013-016",
      SLACcitation   = "%%CITATION = ARXIV:1305.4939;%%",
}

@article{Davis:2014cja,
      author         = "Davis, Jonathan H.",
      title          = "{Fitting the annual modulation in DAMA with neutrons from
                        muons and neutrinos}",
      journal        = "Phys.Rev.Lett.",
      volume         = "113",
      pages          = "081302",
      doi            = "10.1103/PhysRevLett.113.081302",
      year           = "2014",
      eprint         = "1407.1052",
      archivePrefix  = "arXiv",
      primaryClass   = "hep-ph",
      SLACcitation   = "%%CITATION = ARXIV:1407.1052;%%",
}

@article{Ellis:2000ds,
      author         = "Ellis, John R. and Ferstl, Andrew and Olive, Keith A.",
      title          = "{Reevaluation of the elastic scattering of supersymmetric
                        dark matter}",
      journal        = "Phys.Lett.",
      volume         = "B481",
      pages          = "304-314",
      doi            = "10.1016/S0370-2693(00)00459-7",
      year           = "2000",
      eprint         = "hep-ph/0001005",
      archivePrefix  = "arXiv",
      primaryClass   = "hep-ph",
      reportNumber   = "CERN-TH-2000-001, UMN-TH-1834-2000, TPI-MINN-2000-01,
                        CERN-TH-2K-001, TPI-MINN-00-01",
      SLACcitation   = "%%CITATION = HEP-PH/0001005;%%",
}

@article{Belanger:2008sj,
      author         = "Belanger, G. and Boudjema, F. and Pukhov, A. and Semenov,
                        A.",
      title          = "{Dark matter direct detection rate in a generic model
                        with micrOMEGAs 2.2}",
      journal        = "Comput.Phys.Commun.",
      volume         = "180",
      pages          = "747-767",
      doi            = "10.1016/j.cpc.2008.11.019",
      year           = "2009",
      eprint         = "0803.2360",
      archivePrefix  = "arXiv",
      primaryClass   = "hep-ph",
      reportNumber   = "LAPTH-1237-08",
      SLACcitation   = "%%CITATION = ARXIV:0803.2360;%%",
}

@article{Gondolo:2004sc,
      author         = "Gondolo, P. and Edsjo, J. and Ullio, P. and Bergstrom, L.
                        and Schelke, Mia and others",
      title          = "{DarkSUSY: Computing supersymmetric dark matter
                        properties numerically}",
      journal        = "JCAP",
      volume         = "0407",
      pages          = "008",
      doi            = "10.1088/1475-7516/2004/07/008",
      year           = "2004",
      eprint         = "astro-ph/0406204",
      archivePrefix  = "arXiv",
      primaryClass   = "astro-ph",
      reportNumber   = "SLAC-PUB-10562",
      SLACcitation   = "%%CITATION = ASTRO-PH/0406204;%%",
}

@article{Cheng:2012qr,
      author         = "Cheng, Hai-Yang and Chiang, Cheng-Wei",
      title          = "{Revisiting Scalar and Pseudoscalar Couplings with
                        Nucleons}",
      journal        = "JHEP",
      volume         = "1207",
      pages          = "009",
      doi            = "10.1007/JHEP07(2012)009",
      year           = "2012",
      eprint         = "1202.1292",
      archivePrefix  = "arXiv",
      primaryClass   = "hep-ph",
      SLACcitation   = "%%CITATION = ARXIV:1202.1292;%%",
}

@article{Fairbairn:2014aqa,
      author         = "Fairbairn, Malcolm and Heal, John",
      title          = "{On the complementarity of Dark Matter Searches at
                        Resonance}",
      year           = "2014",
      eprint         = "1406.3288",
      archivePrefix  = "arXiv",
      primaryClass   = "hep-ph",
      SLACcitation   = "%%CITATION = ARXIV:1406.3288;%%",
}

@article{Kopp:2009et,
      author         = "Kopp, Joachim and Niro, Viviana and Schwetz, Thomas and
                        Zupan, Jure",
      title          = "{DAMA/LIBRA and leptonically interacting Dark Matter}",
      journal        = "Phys.Rev.",
      volume         = "D80",
      pages          = "083502",
      doi            = "10.1103/PhysRevD.80.083502",
      year           = "2009",
      eprint         = "0907.3159",
      archivePrefix  = "arXiv",
      primaryClass   = "hep-ph",
      reportNumber   = "CERN-PH-TH-2009-116",
      SLACcitation   = "%%CITATION = ARXIV:0907.3159;%%",
}

@article{Kumar:2013iva,
      author         = "Kumar, Jason and Marfatia, Danny",
      title          = "{Matrix element analyses of dark matter scattering and
                        annihilation}",
      journal        = "Phys.Rev.",
      number         = "1",
      volume         = "D88",
      pages          = "014035",
      doi            = "10.1103/PhysRevD.88.014035",
      year           = "2013",
      eprint         = "1305.1611",
      archivePrefix  = "arXiv",
      primaryClass   = "hep-ph",
      SLACcitation   = "%%CITATION = ARXIV:1305.1611;%%",
}

@article{Alves:2013tqa,
      author         = "Alves, Alexandre and Profumo, Stefano and Queiroz,
                        Farinaldo S.",
      title          = "{The dark $Z^{'}$ portal: direct, indirect and collider
                        searches}",
      journal        = "JHEP",
      volume         = "1404",
      pages          = "063",
      doi            = "10.1007/JHEP04(2014)063",
      year           = "2014",
      eprint         = "1312.5281",
      archivePrefix  = "arXiv",
      primaryClass   = "hep-ph",
      reportNumber   = "CETUP2013-022",
      SLACcitation   = "%%CITATION = ARXIV:1312.5281;%%",
}

@article{Davidson:2014eia,
      author         = "Davidson, Sacha",
      title          = "{Including the Z in an Effective Field Theory for dark
                        matter at the LHC}",
      year           = "2014",
      eprint         = "1403.5161",
      archivePrefix  = "arXiv",
      primaryClass   = "hep-ph",
      SLACcitation   = "%%CITATION = ARXIV:1403.5161;%%",
}

@article{Frandsen:2011cg,
      author         = "Frandsen, Mads T. and Kahlhoefer, Felix and Sarkar, Subir
                        and Schmidt-Hoberg, Kai",
      title          = "{Direct detection of dark matter in models with a light
                        Z'}",
      journal        = "JHEP",
      volume         = "1109",
      pages          = "128",
      doi            = "10.1007/JHEP09(2011)128",
      year           = "2011",
      eprint         = "1107.2118",
      archivePrefix  = "arXiv",
      primaryClass   = "hep-ph",
      reportNumber   = "OUTP-11-44",
      SLACcitation   = "%%CITATION = ARXIV:1107.2118;%%",
}

@article{Ackermann:2013uma,
      author         = "Ackermann, M. and others",
      title          = "{Search for Gamma-ray Spectral Lines with the Fermi Large
                        Area Telescope and Dark Matter Implications}",
      collaboration  = "Fermi-LAT",
      journal        = "Phys.Rev.",
      volume         = "D88",
      pages          = "082002",
      doi            = "10.1103/PhysRevD.88.082002",
      year           = "2013",
      eprint         = "1305.5597",
      archivePrefix  = "arXiv",
      primaryClass   = "astro-ph.HE",
      SLACcitation   = "%%CITATION = ARXIV:1305.5597;%%",
}

@article{Buchmueller:paper2,
      author         = "Buchmueller, O. and Dolan, Matthew J. and Malik, Sarah A. and McCabe,
                        Christopher",
      year = "2014",
title          = "{Characterising dark matter searches at colliders and direct detection experiments: Scalar mediators}",
      journal        = "In preparation"
}


@article{Arcadi:2013qia,
      author         = "Arcadi, Giorgio and Mambrini, Yann and Tytgat, Michel H.
                        G. and Zaldivar, Bryan",
      title          = "{Invisible $Z^\prime$ and dark matter: LHC vs LUX
                        constraints}",
      journal        = "JHEP",
      volume         = "1403",
      pages          = "134",
      doi            = "10.1007/JHEP03(2014)134",
      year           = "2014",
      eprint         = "1401.0221",
      archivePrefix  = "arXiv",
      primaryClass   = "hep-ph",
      SLACcitation   = "%%CITATION = ARXIV:1401.0221;%%",
}

@article{Lebedev:2014bba,
      author         = "Lebedev, Oleg and Mambrini, Yann",
      title          = "{Axial Dark Matter: the case for an invisible Z'}",
      journal        = "Phys.Lett.",
      volume         = "B734",
      pages          = "350-353",
      doi            = "10.1016/j.physletb.2014.05.025",
      year           = "2014",
      eprint         = "1403.4837",
      archivePrefix  = "arXiv",
      primaryClass   = "hep-ph",
      reportNumber   = "LPT-ORSAY-14-14",
      SLACcitation   = "%%CITATION = ARXIV:1403.4837;%%",
}

@article{Mambrini:2011dw,
      author         = "Mambrini, Yann",
      title          = "{The ZZ' kinetic mixing in the light of the recent direct
                        and indirect dark matter searches}",
      journal        = "JCAP",
      volume         = "1107",
      pages          = "009",
      doi            = "10.1088/1475-7516/2011/07/009",
      year           = "2011",
      eprint         = "1104.4799",
      archivePrefix  = "arXiv",
      primaryClass   = "hep-ph",
      SLACcitation   = "%%CITATION = ARXIV:1104.4799;%%",
}

@article{Gondolo:2011eq,
      author         = "Gondolo, P. and Ko, P. and Omura, Y.",
      title          = "{Light dark matter in leptophobic Z' models}",
      journal        = "Phys.Rev.",
      volume         = "D85",
      pages          = "035022",
      doi            = "10.1103/PhysRevD.85.035022",
      year           = "2012",
      eprint         = "1106.0885",
      archivePrefix  = "arXiv",
      primaryClass   = "hep-ph",
      SLACcitation   = "%%CITATION = ARXIV:1106.0885;%%",
}

@article{Cassel:2009pu,
      author         = "Cassel, S. and Ghilencea, D.M. and Ross, G.G.",
      title          = "{Electroweak and Dark Matter Constraints on a Z-prime in
                        Models with a Hidden Valley}",
      journal        = "Nucl.Phys.",
      volume         = "B827",
      pages          = "256-280",
      doi            = "10.1016/j.nuclphysb.2009.10.029",
      year           = "2010",
      eprint         = "0903.1118",
      archivePrefix  = "arXiv",
      primaryClass   = "hep-ph",
      reportNumber   = "OUTP-09-06P",
      SLACcitation   = "%%CITATION = ARXIV:0903.1118;%%",
}

@article{Soper:2014ska,
      author         = "Soper, Davison E. and Spannowsky, Michael and Tait, Tim
                        M. P. and Wallace, Chris J.",
      title          = "{Scattering of Dark Particles with Light Mediators}",
      year           = "2014",
      eprint         = "1407.2623",
      archivePrefix  = "arXiv",
      primaryClass   = "hep-ph",
      reportNumber   = "UCI-HEP-TR-2014-04, IPPP-14-61, DCPT-14-122",
      SLACcitation   = "%%CITATION = ARXIV:1407.2623;%%",
}

@article{Fox:2008kb,
      author         = "Fox, Patrick J. and Poppitz, Erich",
      title          = "{Leptophilic Dark Matter}",
      journal        = "Phys.Rev.",
      volume         = "D79",
      pages          = "083528",
      doi            = "10.1103/PhysRevD.79.083528",
      year           = "2009",
      eprint         = "0811.0399",
      archivePrefix  = "arXiv",
      primaryClass   = "hep-ph",
      reportNumber   = "FERMILAB-PUB-08-505-T",
      SLACcitation   = "%%CITATION = ARXIV:0811.0399;%%",
}

@article{Bell:2014tta,
      author         = "Bell, Nicole F. and Cai, Yi and Leane, Rebecca K. and
                        Medina, Anibal D.",
      title          = "{Leptophilic Dark Matter with $Z'$ interactions}",
      journal        = "Phys.Rev.",
      volume         = "D90",
      pages          = "035027",
      doi            = "10.1103/PhysRevD.90.035027",
      year           = "2014",
      eprint         = "1407.3001",
      archivePrefix  = "arXiv",
      primaryClass   = "hep-ph",
      SLACcitation   = "%%CITATION = ARXIV:1407.3001;%%",
}


@article{Buchmueller:2013rsa,
      author         = "Buchmueller, O. and Cavanaugh, R. and De Roeck, A. and
                        Dolan, M.J. and Ellis, J.R. and others",
      title          = "{The CMSSM and NUHM1 after LHC Run 1}",
      journal        = "Eur.Phys.J.",
      volume         = "C74",
      doi            = "10.1140/epjc/s10052-014-2922-3",
      year           = "2014",
      eprint         = "1312.5250",
      archivePrefix  = "arXiv",
      primaryClass   = "hep-ph",
      reportNumber   = "KCL-PH-TH-2013-42, LCTS-2013-29, CERN-PH-TH-2013-297,
                        DESY-13-250, FTPI-MINN-13-43, UMN-TH-3316-13,
                        SLAC-PUB-15861",
      SLACcitation   = "%%CITATION = ARXIV:1312.5250;%%",
}

@article{AbdusSalam:2009tr,
      author         = "AbdusSalam, S.S. and Allanach, B.C. and Dolan, M.J. and
                        Feroz, F. and Hobson, M.P.",
      title          = "{Selecting a Model of Supersymmetry Breaking Mediation}",
      journal        = "Phys.Rev.",
      volume         = "D80",
      pages          = "035017",
      doi            = "10.1103/PhysRevD.80.035017",
      year           = "2009",
      eprint         = "0906.0957",
      archivePrefix  = "arXiv",
      primaryClass   = "hep-ph",
      reportNumber   = "DAMTP-2009-37",
      SLACcitation   = "%%CITATION = ARXIV:0906.0957;%%",
}

@article{Allanach:2011ya,
      author         = "Allanach, B.C. and Dolan, Matthew J.",
      title          = "{Supersymmetry With Prejudice: Fitting the Wrong Model to
                        LHC Data}",
      journal        = "Phys.Rev.",
      volume         = "D86",
      pages          = "055022",
      doi            = "10.1103/PhysRevD.86.055022",
      year           = "2012",
      eprint         = "1107.2856",
      archivePrefix  = "arXiv",
      primaryClass   = "hep-ph",
      reportNumber   = "IPPP-11-38, DCPT-11-76",
      SLACcitation   = "%%CITATION = ARXIV:1107.2856;%%",
}

@article{Angloher:2014dua,
      author         = "Angloher, G. and others",
      title          = "{Results on low mass WIMPs using an upgraded CRESST-II
                        detector}",
      collaboration  = " CRESST",
      year           = "2014",
      eprint         = "1407.3146",
      archivePrefix  = "arXiv",
      primaryClass   = "astro-ph.CO",
      SLACcitation   = "%%CITATION = ARXIV:1407.3146;%%",
}

@article{Kuzniak:2012zm,
      author         = "Kuzniak, M. and Boulay, M.G. and Pollmann, T.",
      title          = "{Surface roughness interpretation of 730 kg days
                        CRESST-II results}",
      journal        = "Astropart.Phys.",
      volume         = "36",
      pages          = "77-82",
      doi            = "10.1016/j.astropartphys.2012.05.005",
      year           = "2012",
      eprint         = "1203.1576",
      archivePrefix  = "arXiv",
      primaryClass   = "astro-ph.IM",
      SLACcitation   = "%%CITATION = ARXIV:1203.1576;%%",
}

@article{Brown:2011dp,
      author         = "Brown, Andrew and Henry, Sam and Kraus, Hans and McCabe,
                        Christopher",
      title          = "{Extending the CRESST-II commissioning run limits to
                        lower masses}",
      journal        = "Phys.Rev.",
      volume         = "D85",
      pages          = "021301",
      doi            = "10.1103/PhysRevD.85.021301",
      year           = "2012",
      eprint         = "1109.2589",
      archivePrefix  = "arXiv",
      primaryClass   = "astro-ph.CO",
      reportNumber   = "OUTP-11-50-P",
      SLACcitation   = "%%CITATION = ARXIV:1109.2589;%%",
}

@article{Davis:2014bla,
      author         = "Davis, Jonathan H. and McCabe, Christopher and Boehm,
                        Celine",
      title          = "{Quantifying the evidence for Dark Matter in CoGeNT
                        data}",
      journal        = "JCAP",
      volume         = "1408",
      pages          = "014",
      doi            = "10.1088/1475-7516/2014/08/014",
      year           = "2014",
      eprint         = "1405.0495",
      archivePrefix  = "arXiv",
      primaryClass   = "hep-ph",
      reportNumber   = "IPPP-14-32, DCPT-14-64",
      SLACcitation   = "%%CITATION = ARXIV:1405.0495;%%",
}

@article{Agnese:2014aze,
      author         = "Agnese, R. and others",
      title          = "{Search for Low-Mass WIMPs with SuperCDMS}",
      collaboration  = "SuperCDMS",
      journal        = "Phys.Rev.Lett.",
      volume         = "112",
      pages          = "241302",
      doi            = "10.1103/PhysRevLett.112.241302",
      year           = "2014",
      eprint         = "1402.7137",
      archivePrefix  = "arXiv",
      primaryClass   = "hep-ex",
      reportNumber   = "FERMILAB-PUB-14-042-AE",
      SLACcitation   = "%%CITATION = ARXIV:1402.7137;%%",
}

@article{Yellin:2002xd,
      author         = "Yellin, S.",
      title          = "{Finding an upper limit in the presence of unknown
                        background}",
      journal        = "Phys.Rev.",
      volume         = "D66",
      pages          = "032005",
      doi            = "10.1103/PhysRevD.66.032005",
      year           = "2002",
      eprint         = "physics/0203002",
      archivePrefix  = "arXiv",
      primaryClass   = "physics",
      reportNumber   = "UCSB-HEP-2002-01",
      SLACcitation   = "%%CITATION = PHYSICS/0203002;%%",
}

@article{Aprile:2013doa,
      author         = "Aprile, E. and others",
      title          = "{Limits on spin-dependent WIMP-nucleon cross sections
                        from 225 live days of XENON100 data}",
      collaboration  = "XENON100",
      journal        = "Phys.Rev.Lett.",
      number         = "2",
      volume         = "111",
      pages          = "021301",
      doi            = "10.1103/PhysRevLett.111.021301",
      year           = "2013",
      eprint         = "1301.6620",
      archivePrefix  = "arXiv",
      primaryClass   = "astro-ph.CO",
      SLACcitation   = "%%CITATION = ARXIV:1301.6620;%%",
}

@article{Aprile:2012nq,
      author         = "Aprile, E. and others",
      title          = "{Dark Matter Results from 225 Live Days of XENON100
                        Data}",
      collaboration  = "XENON100",
      journal        = "Phys.Rev.Lett.",
      volume         = "109",
      pages          = "181301",
      doi            = "10.1103/PhysRevLett.109.181301",
      year           = "2012",
      eprint         = "1207.5988",
      archivePrefix  = "arXiv",
      primaryClass   = "astro-ph.CO",
      SLACcitation   = "%%CITATION = ARXIV:1207.5988;%%",
}

@article{Angle:2007uj,
      author         = "Angle, J. and others",
      title          = "{First Results from the XENON10 Dark Matter Experiment at
                        the Gran Sasso National Laboratory}",
      collaboration  = "XENON",
      journal        = "Phys.Rev.Lett.",
      volume         = "100",
      pages          = "021303",
      doi            = "10.1103/PhysRevLett.100.021303",
      year           = "2008",
      eprint         = "0706.0039",
      archivePrefix  = "arXiv",
      primaryClass   = "astro-ph",
      SLACcitation   = "%%CITATION = ARXIV:0706.0039;%%",
}

@article{Akimov:2011tj,
      author         = "Akimov, D. Yu. and Araujo, H.M. and Barnes, E.J. and
                        Belov, V.A. and Bewick, A. and others",
      title          = "{WIMP-nucleon cross-section results from the second
                        science run of ZEPLIN-III}",
      journal        = "Phys.Lett.",
      volume         = "B709",
      pages          = "14-20",
      doi            = "10.1016/j.physletb.2012.01.064",
      year           = "2012",
      eprint         = "1110.4769",
      archivePrefix  = "arXiv",
      primaryClass   = "astro-ph.CO",
      SLACcitation   = "%%CITATION = ARXIV:1110.4769;%%",
}

@article{Alner:2007ja,
      author         = "Alner, G.J. and Araujo, H.M. and Bewick, A. and Bungau,
                        C. and Camanzi, B. and others",
      title          = "{First limits on WIMP nuclear recoil signals in
                        ZEPLIN-II: A two phase xenon detector for dark matter
                        detection}",
      journal        = "Astropart.Phys.",
      volume         = "28",
      pages          = "287-302",
      doi            = "10.1016/j.astropartphys.2007.06.002",
      year           = "2007",
      eprint         = "astro-ph/0701858",
      archivePrefix  = "arXiv",
      primaryClass   = "ASTRO-PH",
      SLACcitation   = "%%CITATION = ASTRO-PH/0701858;%%",
}

@article{Alner:2005pa,
      author         = "Alner, G.J. and others",
      title          = "{First limits on nuclear recoil events from the ZEPLIN I
                        galactic dark matter detector}",
      collaboration  = "UK Dark Matter",
      journal        = "Astropart.Phys.",
      volume         = "23",
      pages          = "444-462",
      doi            = "10.1016/j.astropartphys.2005.02.004",
      year           = "2005",
      SLACcitation   = "%%CITATION = APHYE,23,444;%%",
}

@article{Davis:2012hn,
      author         = "Davis, Jonathan H. and Ensslin, Torsten and Boehm,
                        Celine",
      title          = "{A New Method for Analysing Dark Matter Direct Detection
                        Data}",
      journal        = "Phys.Rev.",
      volume         = "D89",
      pages          = "043505",
      doi            = "10.1103/PhysRevD.89.043505",
      year           = "2014",
      eprint         = "1208.1850",
      archivePrefix  = "arXiv",
      primaryClass   = "hep-ph",
      SLACcitation   = "%%CITATION = ARXIV:1208.1850;%%",
}

@article{Davis:2012vy,
      author         = "Davis, Jonathan H. and Boehm, Celine and Oppermann, Niels
                        and Ensslin, Torsten and Lacroix, Thomas",
      title          = "{The XENON100 exclusion limit without considering Leff as
                        a nuisance parameter}",
      journal        = "Phys.Rev.",
      volume         = "D86",
      pages          = "015027",
      doi            = "10.1103/PhysRevD.86.015027",
      year           = "2012",
      eprint         = "1203.6823",
      archivePrefix  = "arXiv",
      primaryClass   = "hep-ph",
      SLACcitation   = "%%CITATION = ARXIV:1203.6823;%%",
}

@article{Fairbairn:2012zs,
      author         = "Fairbairn, Malcolm and Douce, Tom and Swift, Jace",
      title          = "{Quantifying Astrophysical Uncertainties on Dark Matter
                        Direct Detection Results}",
      journal        = "Astropart.Phys.",
      volume         = "47",
      pages          = "45-53",
      doi            = "10.1016/j.astropartphys.2013.06.003",
      year           = "2013",
      eprint         = "1206.2693",
      archivePrefix  = "arXiv",
      primaryClass   = "astro-ph.CO",
      reportNumber   = "KCL-PH-TH-2012-025",
      SLACcitation   = "%%CITATION = ARXIV:1206.2693;%%",
}

@article{Goodman:2010yf,
      author         = "Goodman, Jessica and Ibe, Masahiro and Rajaraman, Arvind
                        and Shepherd, William and Tait, Tim M.P. and others",
      title          = "{Constraints on Light Majorana dark Matter from
                        Colliders}",
      journal        = "Phys.Lett.",
      volume         = "B695",
      pages          = "185-188",
      doi            = "10.1016/j.physletb.2010.11.009",
      year           = "2011",
      eprint         = "1005.1286",
      archivePrefix  = "arXiv",
      primaryClass   = "hep-ph",
      reportNumber   = "UCI-HEP-TR-2010-09",
      SLACcitation   = "%%CITATION = ARXIV:1005.1286;%%",
}

@article{Cao:2009uw,
      author         = "Cao, Qing-Hong and Chen, Chuan-Ren and Li, Chong Sheng
                        and Zhang, Hao",
      title          = "{Effective Dark Matter Model: Relic density, CDMS II,
                        Fermi LAT and LHC}",
      journal        = "JHEP",
      volume         = "1108",
      pages          = "018",
      doi            = "10.1007/JHEP08(2011)018",
      year           = "2011",
      eprint         = "0912.4511",
      archivePrefix  = "arXiv",
      primaryClass   = "hep-ph",
      reportNumber   = "ANL-HEP-PR-09-107, EFI-09-31, IPMU09-0162",
      SLACcitation   = "%%CITATION = ARXIV:0912.4511;%%",
}

@article{Angloher:2011uu,
      author         = "Angloher, G. and Bauer, M. and Bavykina, I. and Bento, A.
                        and Bucci, C. and others",
      title          = "{Results from 730 kg days of the CRESST-II Dark Matter
                        Search}",
      journal        = "Eur.Phys.J.",
      volume         = "C72",
      pages          = "1971",
      doi            = "10.1140/epjc/s10052-012-1971-8",
      year           = "2012",
      eprint         = "1109.0702",
      archivePrefix  = "arXiv",
      primaryClass   = "astro-ph.CO",
      SLACcitation   = "%%CITATION = ARXIV:1109.0702;%%",
}

@article{Agnese:2013rvf,
      author         = "Agnese, R. and others",
      title          = "{Silicon Detector Dark Matter Results from the Final
                        Exposure of CDMS II}",
      collaboration  = "CDMS",
      journal        = "Phys.Rev.Lett.",
      volume         = "111",
      pages          = "251301",
      doi            = "10.1103/PhysRevLett.111.251301",
      year           = "2013",
      eprint         = "1304.4279",
      archivePrefix  = "arXiv",
      primaryClass   = "hep-ex",
      reportNumber   = "FERMILAB-PUB-13-104-AE-E",
      SLACcitation   = "%%CITATION = ARXIV:1304.4279;%%",
}

@article{Aalseth:2011wp,
      author         = "Aalseth, C.E. and Barbeau, P.S. and Colaresi, J. and
                        Collar, J.I. and Diaz Leon, J. and others",
      title          = "{Search for an Annual Modulation in a P-type Point
                        Contact Germanium Dark Matter Detector}",
      journal        = "Phys.Rev.Lett.",
      volume         = "107",
      pages          = "141301",
      doi            = "10.1103/PhysRevLett.107.141301",
      year           = "2011",
      eprint         = "1106.0650",
      archivePrefix  = "arXiv",
      primaryClass   = "astro-ph.CO",
      SLACcitation   = "%%CITATION = ARXIV:1106.0650;%%",
}

@article{Aalseth:2012if,
      author         = "Aalseth, C.E. and others",
      title          = "{CoGeNT: A Search for Low-Mass Dark Matter using p-type
                        Point Contact Germanium Detectors}",
      collaboration  = "CoGeNT",
      journal        = "Phys.Rev.",
      number         = "1",
      volume         = "D88",
      pages          = "012002",
      doi            = "10.1103/PhysRevD.88.012002",
      year           = "2013",
      eprint         = "1208.5737",
      archivePrefix  = "arXiv",
      primaryClass   = "astro-ph.CO",
      SLACcitation   = "%%CITATION = ARXIV:1208.5737;%%",
}

@article{Aalseth:2014eft,
      author         = "Aalseth, C.E. and others",
      title          = "{Search for An Annual Modulation in Three Years of CoGeNT
                        Dark Matter Detector Data}",
      collaboration  = "CoGeNT",
      year           = "2014",
      eprint         = "1401.3295",
      archivePrefix  = "arXiv",
      primaryClass   = "astro-ph.CO",
      SLACcitation   = "%%CITATION = ARXIV:1401.3295;%%",
}

@article{Aalseth:2010vx,
      author         = "Aalseth, C.E. and others",
      title          = "{Results from a Search for Light-Mass Dark Matter with a
                        P-type Point Contact Germanium Detector}",
      collaboration  = "CoGeNT",
      journal        = "Phys.Rev.Lett.",
      volume         = "106",
      pages          = "131301",
      doi            = "10.1103/PhysRevLett.106.131301",
      year           = "2011",
      eprint         = "1002.4703",
      archivePrefix  = "arXiv",
      primaryClass   = "astro-ph.CO",
      SLACcitation   = "%%CITATION = ARXIV:1002.4703;%%",
}

@article{Bernabei:2013xsa,
      author         = "Bernabei, R. and Belli, P. and Cappella, F. and
                        Caracciolo, V. and Castellano, S. and others",
      title          = "{Final model independent result of DAMA/LIBRA-phase1}",
      journal        = "Eur.Phys.J.",
      volume         = "C73",
      pages          = "2648",
      doi            = "10.1140/epjc/s10052-013-2648-7",
      year           = "2013",
      eprint         = "1308.5109",
      archivePrefix  = "arXiv",
      primaryClass   = "astro-ph.GA",
      reportNumber   = "ROM2F-2013-13",
      SLACcitation   = "%%CITATION = ARXIV:1308.5109;%%",
}


@article{Aprile:2012zx,
      author         = "Aprile, Elena",
      title          = "{The XENON1T Dark Matter Search Experiment}",
      collaboration  = "XENON1T",
      year           = "2012",
      eprint         = "1206.6288",
      archivePrefix  = "arXiv",
      primaryClass   = "astro-ph.IM",
      SLACcitation   = "%%CITATION = ARXIV:1206.6288;%%",
}

@article{Malling:2011va,
      author         = "Malling, D.C. and Akerib, D.S. and Araujo, H.M. and Bai,
                        X. and Bedikian, S. and others",
      title          = "{After LUX: The LZ Program}",
      year           = "2011",
      eprint         = "1110.0103",
      archivePrefix  = "arXiv",
      primaryClass   = "astro-ph.IM",
      SLACcitation   = "%%CITATION = ARXIV:1110.0103;%%",
}

@techreport{CMS-PAS-FTR-13-014,
      title         = "{Study of the Discovery Reach in Searches for
                       Supersymmetry
  at CMS with 3000/fb}",
      institution   = "CERN",
      collaboration = "CMS",
      address       = "Geneva",
      number        = "CMS-PAS-FTR-13-014",
      year          = "2013",
}

@article{CMS:2013xfa,
      key            = "1244669",
      title          = "{Projected Performance of an Upgraded CMS Detector at the
                        LHC and HL-LHC: Contribution to the Snowmass Process}",
      collaboration  = "CMS",
      year           = "2013",
      eprint         = "1307.7135",
      archivePrefix  = "arXiv",
      reportNumber   = "CMS-NOTE-13-002",
      SLACcitation   = "%%CITATION = ARXIV:1307.7135;%%",
}

@techreport{ATL-PHYS-PUB-2014-007,
      title         = "{Sensitivity to WIMP Dark Matter in the Final States
                       Containing Jets and Missing Transverse Momentum with the
                       ATLAS Detector at 14 TeV LHC}",
      institution   = "CERN",
      address       = "Geneva",
collaboration  = "ATLAS",
      number        = "ATL-PHYS-PUB-2014-007",
      month         = "Jun",
      year          = "2014",
}

@techreport{ATL-PHYS-PUB-2014-010,
      title         = "{Search for Supersymmetry at the high luminosity LHC with
                       the ATLAS experiment}",
      institution   = "CERN",
      collaboration  = "ATLAS",
      address       = "Geneva",
      number        = "ATL-PHYS-PUB-2014-010",
      month         = "Jul",
      year          = "2014",
}

@article{Klos:2013rwa,
      author         = "Klos, P. and Menéndez, J. and Gazit, D. and Schwenk, A.",
      title          = "{Large-scale nuclear structure calculations for
                        spin-dependent WIMP scattering with chiral effective field
                        theory currents}",
      journal        = "Phys.Rev.",
      volume         = "D88",
      pages          = "083516",
      doi            = "10.1103/PhysRevD.88.083516",
      year           = "2013",
      eprint         = "1304.7684",
      archivePrefix  = "arXiv",
      primaryClass   = "nucl-th",
      SLACcitation   = "%%CITATION = ARXIV:1304.7684;%%",
}

@article{deSimone:2014pda,
      author         = "De Simone, Andrea and Giudice, Gian Francesco and
                        Strumia, Alessandro",
      title          = "{Benchmarks for Dark Matter Searches at the LHC}",
      journal        = "JHEP",
      volume         = "1406",
      pages          = "081",
      doi            = "10.1007/JHEP06(2014)081",
      year           = "2014",
      eprint         = "1402.6287",
      archivePrefix  = "arXiv",
      primaryClass   = "hep-ph",
      reportNumber   = "CERN-PH-TH-2014-008, SISSA-01-2014-FISI",
      SLACcitation   = "%%CITATION = ARXIV:1402.6287;%%",
}

@article{Duda:2006uk,
      author         = "Duda, Gintaras and Kemper, Ann and Gondolo, Paolo",
      title          = "{Model Independent Form Factors for Spin Independent
                        Neutralino-Nucleon Scattering from Elastic Electron
                        Scattering Data}",
      journal        = "JCAP",
      volume         = "0704",
      pages          = "012",
      doi            = "10.1088/1475-7516/2007/04/012",
      year           = "2007",
      eprint         = "hep-ph/0608035",
      archivePrefix  = "arXiv",
      primaryClass   = "hep-ph",
      SLACcitation   = "%%CITATION = HEP-PH/0608035;%%",
}

@article{Lewin:1995rx,
      author         = "Lewin, J.D. and Smith, P.F.",
      title          = "{Review of mathematics, numerical factors, and
                        corrections for dark matter experiments based on elastic
                        nuclear recoil}",
      journal        = "Astropart.Phys.",
      volume         = "6",
      pages          = "87-112",
      doi            = "10.1016/S0927-6505(96)00047-3",
      year           = "1996",
      reportNumber   = "RAL-TR-95-024",
      SLACcitation   = "%%CITATION = APHYE,6,87;%%",
}

@article{McCabe:2013kea,
      author         = "McCabe, Christopher",
      title          = "{The Earth's velocity for direct detection experiments}",
      journal        = "JCAP",
      volume         = "1402",
      pages          = "027",
      doi            = "10.1088/1475-7516/2014/02/027",
      year           = "2014",
      eprint         = "1312.1355",
      archivePrefix  = "arXiv",
      primaryClass   = "astro-ph.CO",
      reportNumber   = "IPPP-13-95, DCPT-13-190",
      SLACcitation   = "%%CITATION = ARXIV:1312.1355;%%",
}


@article{NEST2013a,
      author         = "Szydagis, Matthew and Fyhrie, Adalyn and Thorngren,
                        Daniel and Tripathi, Mani",
      title          = "{Enhancement of NEST Capabilities for Simulating
                        Low-Energy Recoils in Liquid Xenon}",
      journal        = "JINST",
      volume         = "8",
      pages          = "C10003",
      doi            = "10.1088/1748-0221/8/10/C10003",
      year           = "2013",
      eprint         = "1307.6601",
      archivePrefix  = "arXiv",
      primaryClass   = "physics.ins-det",
      SLACcitation   = "%%CITATION = ARXIV:1307.6601;%%",
}

@article{Akerib:2012ys,
      author         = "Akerib, D.S. and others",
      title          = "{The Large Underground Xenon (LUX) Experiment}",
      collaboration  = "LUX",
      journal        = "Nucl.Instrum.Meth.",
      volume         = "A704",
      pages          = "111-126",
      doi            = "10.1016/j.nima.2012.11.135",
      year           = "2013",
      eprint         = "1211.3788",
      archivAkerib:2012ysePrefix  = "arXiv",
      primaryClass   = "physics.ins-det",
      SLACcitation   = "%%CITATION = ARXIV:1211.3788;%%",
}

@article{Akerib:2013tjd,
      author         = "Akerib, D.S. and others",
      title          = "{First results from the LUX dark matter experiment at the
                        Sanford Underground Research Facility}",
      collaboration  = "LUX",
      journal        = "Phys.Rev.Lett.",
      volume         = "112",
      pages          = "091303",
      doi            = "10.1103/PhysRevLett.112.091303",
      year           = "2014",
      eprint         = "1310.8214",
      archivePrefix  = "arXiv",
      primaryClass   = "astro-ph.CO",
      SLACcitation   = "%%CITATION = ARXIV:1310.8214;%%",
}

@article{Kraml:2013mwa,
      author         = "Kraml, Sabine and Kulkarni, Suchita and Laa, Ursula and
                        Lessa, Andre and Magerl, Wolfgang and others",
      title          = "{SModelS: a tool for interpreting simplified-model
                        results from the LHC and its application to
                        supersymmetry}",
      journal        = "Eur.Phys.J.",
      volume         = "C74",
      pages          = "2868",
      doi            = "10.1140/epjc/s10052-014-2868-5",
      year           = "2014",
      eprint         = "1312.4175",
      archivePrefix  = "arXiv",
      primaryClass   = "hep-ph",
      SLACcitation   = "%%CITATION = ARXIV:1312.4175;%%",
}

@article{Papucci:2014rja,
      author         = "Papucci, Michele and Sakurai, Kazuki and Weiler, Andreas
                        and Zeune, Lisa",
      title          = "{Fastlim: a fast LHC limit calculator}",
      year           = "2014",
      eprint         = "1402.0492",
      archivePrefix  = "arXiv",
      primaryClass   = "hep-ph",
      reportNumber   = "CERN-TH-2014-019, DESY-14-010, KCL-PH-TH-2014-04,
                        MCTP-14-03",
      SLACcitation   = "%%CITATION = ARXIV:1402.0492;%%",
}

@article{Barnard:2014joa,
      author         = "Barnard, James and Farmer, Ben",
      title          = "{A simple technique for combining simplified models and
                        its application to direct stop production}",
      journal        = "JHEP",
      volume         = "1406",
      pages          = "132",
      doi            = "10.1007/JHEP06(2014)132",
      year           = "2014",
      eprint         = "1402.3298",
      archivePrefix  = "arXiv",
      primaryClass   = "hep-ph",
      SLACcitation   = "%%CITATION = ARXIV:1402.3298;%%",
}

@misc{colliderreach,
author = "Salam, G. and Weiler, A.",
title  = "Collider Reach",
howpublished = "\url{http://collider-reach.web.cern.ch/}"
}

@article{Billard:2013qya,
      author         = "Billard, J. and Strigari, L. and Figueroa-Feliciano, E.",
      title          = "{Implication of neutrino backgrounds on the reach of next
                        generation dark matter direct detection experiments}",
      journal        = "Phys.Rev.",
      volume         = "D89",
      pages          = "023524",
      year           = "2014",
      eprint         = "1307.5458",
      archivePrefix  = "arXiv",
      primaryClass   = "hep-ph",
      SLACcitation   = "%%CITATION = ARXIV:1307.5458;%%",
}

@article{Cheung:2011zt,
      author         = "Cheung, Kingman and Song, Jeonghyeon",
      title          = "{Baryonic $Z'$ Explanation for the CDF $W_{jj}$ Excess}",
      journal        = "Phys.Rev.Lett.",
      volume         = "106",
      pages          = "211803",
      doi            = "10.1103/PhysRevLett.106.211803",
      year           = "2011",
      eprint         = "1104.1375",
      archivePrefix  = "arXiv",
      primaryClass   = "hep-ph",
      SLACcitation   = "%%CITATION = ARXIV:1104.1375;%%",
}

@article{Hewett:1988xc,
      author         = "Hewett, JoAnne L. and Rizzo, Thomas G.",
      title          = "{Low-Energy Phenomenology of Superstring Inspired E(6)
                        Models}",
      journal        = "Phys.Rept.",
      volume         = "183",
      pages          = "193",
      doi            = "10.1016/0370-1573(89)90071-9",
      year           = "1989",
      reportNumber   = "MAD-PH-446, IS-J-3005",
      SLACcitation   = "%%CITATION = PRPLC,183,193;%%",
}

@article{Langacker:2008yv,
      author         = "Langacker, Paul",
      title          = "{The Physics of Heavy $Z^\prime$ Gauge Bosons}",
      journal        = "Rev.Mod.Phys.",
      volume         = "81",
      pages          = "1199-1228",
      doi            = "10.1103/RevModPhys.81.1199",
      year           = "2009",
      eprint         = "0801.1345",
      archivePrefix  = "arXiv",
      primaryClass   = "hep-ph",
      SLACcitation   = "%%CITATION = ARXIV:0801.1345;%%",
}

@article{Cacciari:2008gp,
      author         = "Cacciari, Matteo and Salam, Gavin P. and Soyez, Gregory",
      title          = "{The Anti-k(t) jet clustering algorithm}",
      journal        = "JHEP",
      volume         = "0804",
      pages          = "063",
      doi            = "10.1088/1126-6708/2008/04/063",
      year           = "2008",
      eprint         = "0802.1189",
      archivePrefix  = "arXiv",
      primaryClass   = "hep-ph",
      reportNumber   = "LPTHE-07-03",
      SLACcitation   = "%%CITATION = ARXIV:0802.1189;%%",
}

@article{Martin:2009iq,
      author         = "Martin, A.D. and Stirling, W.J. and Thorne, R.S. and
                        Watt, G.",
      title          = "{Parton distributions for the LHC}",
      journal        = "Eur.Phys.J.",
      volume         = "C63",
      pages          = "189-285",
      doi            = "10.1140/epjc/s10052-009-1072-5",
      year           = "2009",
      eprint         = "0901.0002",
      archivePrefix  = "arXiv",
      primaryClass   = "hep-ph",
      reportNumber   = "IPPP-08-95, DCPT-08-190, CAVENDISH-HEP-08-16",
      SLACcitation   = "%%CITATION = ARXIV:0901.0002;%%",
}

@article{Beringer:1900zz,
      author         = "Beringer, J. and others",
      title          = "{Review of Particle Physics (RPP) (Z'-boson searches)}",
      collaboration  = "Particle Data Group",
      journal        = "Phys.Rev.",
      volume         = "D86",
      pages          = "010001",
      doi            = "10.1103/PhysRevD.86.010001",
      year           = "2012",
      SLACcitation   = "%%CITATION = PHRVA,D86,010001;%%",
}

@article{Busoni:2014haa,
      author         = "Busoni, Giorgio and De Simone, Andrea and Jacques, Thomas
                        and Morgante, Enrico and Riotto, Antonio",
      title          = "{On the Validity of the Effective Field Theory for Dark
                        Matter Searches at the LHC Part III: Analysis for the
                        $t$-channel}",
      journal        = "JCAP",
      volume         = "1409",
      pages          = "022",
      doi            = "10.1088/1475-7516/2014/09/022",
      year           = "2014",
      eprint         = "1405.3101",
      archivePrefix  = "arXiv",
      primaryClass   = "hep-ph",
      SLACcitation   = "%%CITATION = ARXIV:1405.3101;%%",
}

@article{Buckley:2011mm,
      author         = "Buckley, Matthew R. and Hooper, Dan and Rosner, Jonathan
                        L.",
      title          = "{A Leptophobic Z' And Dark Matter From Grand
                        Unification}",
      journal        = "Phys.Lett.",
      volume         = "B703",
      pages          = "343-347",
      doi            = "10.1016/j.physletb.2011.08.014",
      year           = "2011",
      eprint         = "1106.3583",
      archivePrefix  = "arXiv",
      primaryClass   = "hep-ph",
      reportNumber   = "FERMILAB-PUB-11-278-A, EFI-11-15",
      SLACcitation   = "%%CITATION = ARXIV:1106.3583;%%",
}

@article{Buckley:2011vc,
      author         = "Buckley, Matthew R. and Hooper, Dan and Kopp, Joachim and
                        Neil, Ethan",
      title          = "{Light Z' Bosons at the Tevatron}",
      journal        = "Phys.Rev.",
      volume         = "D83",
      pages          = "115013",
      doi            = "10.1103/PhysRevD.83.115013",
      year           = "2011",
      eprint         = "1103.6035",
      archivePrefix  = "arXiv",
      primaryClass   = "hep-ph",
      reportNumber   = "FERMILAB-PUB-11-154-A-T",
      SLACcitation   = "%%CITATION = ARXIV:1103.6035;%%",
}

@article{Fox:2011qd,
      author         = "Fox, Patrick J. and Liu, Jia and Tucker-Smith, David and
                        Weiner, Neal",
      title          = "{An Effective Z'}",
      journal        = "Phys.Rev.",
      volume         = "D84",
      pages          = "115006",
      doi            = "10.1103/PhysRevD.84.115006",
      year           = "2011",
      eprint         = "1104.4127",
      archivePrefix  = "arXiv",
      primaryClass   = "hep-ph",
      reportNumber   = "FERMILAB-PUB-11-179-T",
      SLACcitation   = "%%CITATION = ARXIV:1104.4127;%%",
}
@article{Sjostrand:2007gs,
      author         = "Sjostrand, Torbjorn and Mrenna, Stephen and Skands, Peter
                        Z.",
      title          = "{A Brief Introduction to PYTHIA 8.1}",
      journal        = "Comput.Phys.Commun.",
      volume         = "178",
      pages          = "852-867",
      doi            = "10.1016/j.cpc.2008.01.036",
      year           = "2008",
      eprint         = "0710.3820",
      archivePrefix  = "arXiv",
      primaryClass   = "hep-ph",
      reportNumber   = "CERN-LCGAPP-2007-04, LU-TP-07-28,
                        FERMILAB-PUB-07-512-CD-T",
      SLACcitation   = "%%CITATION = ARXIV:0710.3820;%%",
}



@article{Buchmueller:2013exa,
      author         = "Buchmueller, O. and Marrouche, J.",
      title          = "{Universal mass limits on gluino and third-generation
                        squarks in the context of Natural-like SUSY spectra}",
      journal        = "Int.J.Mod.Phys.",
      volume         = "A29",
      pages          = "1450032",
      doi            = "10.1142/S0217751X14500328",
      year           = "2014",
      eprint         = "1304.2185",
      archivePrefix  = "arXiv",
      primaryClass   = "hep-ph",
      SLACcitation   = "%%CITATION = ARXIV:1304.2185;%%",
}

@article{deFavereau:2013fsa,
      author         = "de Favereau, J. and others",
      title          = "{DELPHES 3, A modular framework for fast simulation of a
                        generic collider experiment}",
      collaboration  = "DELPHES 3",
      journal        = "JHEP",
      volume         = "1402",
      pages          = "057",
      doi            = "10.1007/JHEP02(2014)057",
      year           = "2014",
      eprint         = "1307.6346",
      archivePrefix  = "arXiv",
      primaryClass   = "hep-ex",
      SLACcitation   = "%%CITATION = ARXIV:1307.6346;%%",
}

@article{Ovyn:2009tx,
      author         = "Ovyn, S. and Rouby, X. and Lemaitre, V.",
      title          = "{DELPHES, a framework for fast simulation of a generic
                        collider experiment}",
      year           = "2009",
      eprint         = "0903.2225",
      archivePrefix  = "arXiv",
      primaryClass   = "hep-ph",
      reportNumber   = "CP3-09-01",
      SLACcitation   = "%%CITATION = ARXIV:0903.2225;%%",
}

@article{Alioli:2010xd,
      author         = "Alioli, Simone and Nason, Paolo and Oleari, Carlo and Re,
                        Emanuele",
      title          = "{A general framework for implementing NLO calculations in
                        shower Monte Carlo programs: the POWHEG BOX}",
      journal        = "JHEP",
      volume         = "1006",
      pages          = "043",
      doi            = "10.1007/JHEP06(2010)043",
      year           = "2010",
      eprint         = "1002.2581",
      archivePrefix  = "arXiv",
      primaryClass   = "hep-ph",
      reportNumber   = "DESY-10-018, SFB-CPP-10-22, IPPP-10-11, DCPT-10-22",
      SLACcitation   = "%%CITATION = ARXIV:1002.2581;%%",
}

@article{Frixione:2007vw,
      author         = "Frixione, Stefano and Nason, Paolo and Oleari, Carlo",
      title          = "{Matching NLO QCD computations with Parton Shower
                        simulations: the POWHEG method}",
      journal        = "JHEP",
      volume         = "0711",
      pages          = "070",
      doi            = "10.1088/1126-6708/2007/11/070",
      year           = "2007",
      eprint         = "0709.2092",
      archivePrefix  = "arXiv",
      primaryClass   = "hep-ph",
      reportNumber   = "BICOCCA-FT-07-9, GEF-TH-21-2007",
      SLACcitation   = "%%CITATION = ARXIV:0709.2092;%%",
}


@article{Nason:2004rx,
      author         = "Nason, Paolo",
      title          = "{A New method for combining NLO QCD with shower Monte
                        Carlo algorithms}",
      journal        = "JHEP",
      volume         = "0411",
      pages          = "040",
      doi            = "10.1088/1126-6708/2004/11/040",
      year           = "2004",
      eprint         = "hep-ph/0409146",
      archivePrefix  = "arXiv",
      primaryClass   = "hep-ph",
      reportNumber   = "BICOCCA-FT-04-11",
      SLACcitation   = "%%CITATION = HEP-PH/0409146;%%",
}

@article{Haisch:2013ata,
      author         = "Haisch, Ulrich and Kahlhoefer, Felix and Re, Emanuele",
      title          = "{QCD effects in mono-jet searches for dark matter}",
      journal        = "JHEP",
      volume         = "1312",
      pages          = "007",
      doi            = "10.1007/JHEP12(2013)007",
      year           = "2013",
      eprint         = "1310.4491",
      archivePrefix  = "arXiv",
      primaryClass   = "hep-ph",
      reportNumber   = "OUTP-13-20P, NSF-KITP-13-241, NSF-KITP-13-241",
      SLACcitation   = "%%CITATION = ARXIV:1310.4491;%%",
}


@article{Garny:2014waa,
      author         = "Garny, Mathias and Ibarra, Alejandro and Rydbeck, Sara
                        and Vogl, Stefan",
      title          = "{Majorana Dark Matter with a Coloured Mediator: Collider
                        vs Direct and Indirect Searches}",
      journal        = "JHEP",
      volume         = "1406",
      pages          = "169",
      doi            = "10.1007/JHEP06(2014)169",
      year           = "2014",
      eprint         = "1403.4634",
      archivePrefix  = "arXiv",
      primaryClass   = "hep-ph",
      reportNumber   = "DESY-14-029, TUM-HEP-935-14, CERN-PH-TH-2014-041",
      SLACcitation   = "%%CITATION = ARXIV:1403.4634;%%",
}

@article{Petrov:2013nia,
      author         = "Petrov, Alexey A. and Shepherd, William",
      title          = "{Searching for dark matter at LHC with Mono-Higgs
                        production}",
      journal        = "Phys.Lett.",
      volume         = "B730",
      pages          = "178-183",
      doi            = "10.1016/j.physletb.2014.01.051",
      year           = "2014",
      eprint         = "1311.1511",
      archivePrefix  = "arXiv",
      primaryClass   = "hep-ph",
      reportNumber   = "WSU-HEP-1308",
      SLACcitation   = "%%CITATION = ARXIV:1311.1511;%%",
}

@article{Carpenter:2013xra,
      author         = "Carpenter, Linda and DiFranzo, Anthony and Mulhearn,
                        Michael and Shimmin, Chase and Tulin, Sean and others",
      title          = "{Mono-Higgs: a new collider probe of dark matter}",
      journal        = "Phys.Rev.",
      volume         = "D89",
      pages          = "075017",
      doi            = "10.1103/PhysRevD.89.075017",
      year           = "2014",
      eprint         = "1312.2592",
      archivePrefix  = "arXiv",
      primaryClass   = "hep-ph",
      SLACcitation   = "%%CITATION = ARXIV:1312.2592;%%",
}

@article{Papucci:2014iwa,
      author         = "Papucci, Michele and Vichi, Alessandro and Zurek, Kathryn
                        M.",
      title          = "{Monojet versus rest of the world I: t-channel Models}",
      year           = "2014",
      eprint         = "1402.2285",
      archivePrefix  = "arXiv",
      primaryClass   = "hep-ph",
      SLACcitation   = "%%CITATION = ARXIV:1402.2285;%%",
}

@article{Busoni:2014sya,
      author         = "Busoni, Giorgio and De Simone, Andrea and Gramling,
                        Johanna and Morgante, Enrico and Riotto, Antonio",
      title          = "{On the Validity of the Effective Field Theory for Dark
                        Matter Searches at the LHC, Part II: Complete Analysis for
                        the $s$-channel}",
      journal        = "JCAP",
      volume         = "1406",
      pages          = "060",
      doi            = "10.1088/1475-7516/2014/06/060",
      year           = "2014",
      eprint         = "1402.1275",
      archivePrefix  = "arXiv",
      primaryClass   = "hep-ph",
      reportNumber   = "SISSA-04-2014-FISI",
      SLACcitation   = "%%CITATION = ARXIV:1402.1275;%%",
}

@article{Aad:2013wta,
      author         = "Aad, Georges and others",
      title          = "{Search for new phenomena in final states with large jet
                        multiplicities and missing transverse momentum at
                        sqrt(s)=8 TeV proton-proton collisions using the ATLAS
                        experiment}",
      collaboration  = "ATLAS",
      journal        = "JHEP",
      volume         = "1310",
      pages          = "130",
      doi            = "10.1007/JHEP10(2013)130",
      year           = "2013",
      eprint         = "1308.1841",
      archivePrefix  = "arXiv",
      primaryClass   = "hep-ex",
      reportNumber   = "CERN-PH-EP-2013-110",
      SLACcitation   = "%%CITATION = ARXIV:1308.1841;%%",
}

@article{Chatrchyan:2014lfa,
      author         = "Chatrchyan, Serguei and others",
      title          = "{Search for new physics in the multijet and missing
                        transverse momentum final state in proton-proton
                        collisions at $\sqrt{s}$ = 8 TeV}",
      collaboration  = "CMS",
      year           = "2014",
      eprint         = "1402.4770",
      archivePrefix  = "arXiv",
      primaryClass   = "hep-ex",
      reportNumber   = "CMS-SUS-13-012, CERN-PH-EP-2014-015",
      SLACcitation   = "%%CITATION = ARXIV:1402.4770;%%",
}


@article{Buchmueller:2013dya,
      author         = "Buchmueller, O. and Dolan, Matthew J. and McCabe,
                        Christopher",
      title          = "{Beyond Effective Field Theory for Dark Matter Searches
                        at the LHC}",
      journal        = "JHEP",
      volume         = "1401",
      pages          = "025",
      doi            = "10.1007/JHEP01(2014)025",
      year           = "2014",
      eprint         = "1308.6799",
      archivePrefix  = "arXiv",
      primaryClass   = "hep-ph",
      reportNumber   = "IPPP-13-63, DCPT-13-128",
      SLACcitation   = "%%CITATION = ARXIV:1308.6799;%%",
}

@article{McCabe:2010zh,
      author         = "McCabe, Christopher",
      title          = "{The Astrophysical Uncertainties Of Dark Matter Direct
                        Detection Experiments}",
      journal        = "Phys.Rev.",
      volume         = "D82",
      pages          = "023530",
      doi            = "10.1103/PhysRevD.82.023530",
      year           = "2010",
      eprint         = "1005.0579",
      archivePrefix  = "arXiv",
      primaryClass   = "hep-ph",
      SLACcitation   = "%%CITATION = ARXIV:1005.0579;%%",
}

@article{ATLAS-CONF-2013-011,
      title        = "{Search for invisible decays of a Higgs boson produced in
                      association with a Z boson in ATLAS}",
      collaboration="ATLAS",
institution  = "CERN",
      address      = "Geneva",
      journal       = "ATLAS-CONF-2013-011",
      year         = "2013",
}


@article{CMS-PAS-HIG-13-018,
      title        = "{Search for invisible Higgs produced in association with a Z
                      boson}",
      collaboration="CMS",
institution  = "CERN",
      address      = "Geneva",
      journal       = "CMS-PAS-HIG-13-018",
      year         = "2013",
}

@article{Cohen:2010gj,
      author         = "Cohen, Timothy and Phalen, Daniel J. and Pierce, Aaron",
      title          = "{On the Correlation Between the Spin-Independent and
                        Spin-Dependent Direct Detection of Dark Matter}",
      journal        = "Phys.Rev.",
      volume         = "D81",
      pages          = "116001",
      doi            = "10.1103/PhysRevD.81.116001",
      year           = "2010",
      eprint         = "1001.3408",
      archivePrefix  = "arXiv",
      primaryClass   = "hep-ph",
      reportNumber   = "MCTP-10-01",
      SLACcitation   = "%%CITATION = ARXIV:1001.3408;%%",
}

@article{Freytsis:2010ne,
      author         = "Freytsis, Marat and Ligeti, Zoltan",
      title          = "{On dark matter models with uniquely spin-dependent
                        detection possibilities}",
      journal        = "Phys.Rev.",
      volume         = "D83",
      pages          = "115009",
      doi            = "10.1103/PhysRevD.83.115009",
      year           = "2011",
      eprint         = "1012.5317",
      archivePrefix  = "arXiv",
      primaryClass   = "hep-ph",
      SLACcitation   = "%%CITATION = ARXIV:1012.5317;%%",
}

@article{Chalons:2012xf,
      author         = "Chalons, Guillaume and Dolan, Matthew J. and McCabe,
                        Christopher",
      title          = "{Neutralino dark matter and the Fermi gamma-ray lines}",
      journal        = "JCAP",
      volume         = "1302",
      pages          = "016",
      doi            = "10.1088/1475-7516/2013/02/016",
      year           = "2013",
      eprint         = "1211.5154",
      archivePrefix  = "arXiv",
      primaryClass   = "hep-ph",
      reportNumber   = "IPPP-12-88, DCPT-12-176, TTP12-044",
      SLACcitation   = "%%CITATION = ARXIV:1211.5154;%%",
}

@article{Frandsen:2013cna,
      author         = "Frandsen, Mads T. and Kahlhoefer, Felix and McCabe,
                        Christopher and Sarkar, Subir and Schmidt-Hoberg, Kai",
      title          = "{The unbearable lightness of being: CDMS versus XENON}",
      journal        = "JCAP",
      volume         = "1307",
      pages          = "023",
      doi            = "10.1088/1475-7516/2013/07/023",
      year           = "2013",
      eprint         = "1304.6066",
      archivePrefix  = "arXiv",
      primaryClass   = "hep-ph",
      reportNumber   = "CP3-ORIGINS-2013-012-DNRF90-, DIAS-2013-12, OUTP-13-09P,
                        IPPP-13-23, DCPT-13-46, CERN-PH-TH-2013-081, --DCPT-13-46,
                        --DCPT-13-46",
      SLACcitation   = "%%CITATION = ARXIV:1304.6066;%%",
}

@article{Airapetian:2007mh,
      author         = "Airapetian, A. and others",
      title          = "{Precise determination of the spin structure function
                        g(1) of the proton, deuteron and neutron}",
      collaboration  = "HERMES",
      journal        = "Phys.Rev.",
      volume         = "D75",
      pages          = "012007",
      doi            = "10.1103/PhysRevD.75.012007",
      year           = "2007",
      eprint         = "hep-ex/0609039",
      archivePrefix  = "arXiv",
      primaryClass   = "hep-ex",
      reportNumber   = "DESY-06-142",
      SLACcitation   = "%%CITATION = HEP-EX/0609039;%%",
}

@article{Polyakov:1998rb,
      author         = "Polyakov, Maxim V. and Schafer, A. and Teryaev, O.V.",
      title          = "{The Intrinsic charm contribution to the proton spin}",
      journal        = "Phys.Rev.",
      volume         = "D60",
      pages          = "051502",
      doi            = "10.1103/PhysRevD.60.051502",
      year           = "1999",
      eprint         = "hep-ph/9812393",
      archivePrefix  = "arXiv",
      primaryClass   = "hep-ph",
      reportNumber   = "RUB-TPII-22-98, TPR-98-38",
      SLACcitation   = "%%CITATION = HEP-PH/9812393;%%",
}

@article{Felizardo:2011uw,
      author         = "Felizardo, M. and Girard, T.A. and Morlat, T. and
                        Fernandes, A.C. and Ramos, A.R. and others",
      title          = "{Final Analysis and Results of the Phase II SIMPLE Dark
                        Matter Search}",
      journal        = "Phys.Rev.Lett.",
      volume         = "108",
      pages          = "201302",
      doi            = "10.1103/PhysRevLett.108.201302",
      year           = "2012",
      eprint         = "1106.3014",
      archivePrefix  = "arXiv",
      primaryClass   = "astro-ph.CO",
      SLACcitation   = "%%CITATION = ARXIV:1106.3014;%%",
}

@article{Behnke:2012ys,
      author         = "Behnke, E. and others",
      title          = "{First Dark Matter Search Results from a 4-kg CF$_3$I
                        Bubble Chamber Operated in a Deep Underground Site}",
      collaboration  = "COUPP",
      journal        = "Phys.Rev.",
      volume         = "D86",
      pages          = "052001",
      doi            = "10.1103/PhysRevD.86.052001",
      year           = "2012",
      eprint         = "1204.3094",
      archivePrefix  = "arXiv",
      primaryClass   = "astro-ph.CO",
      reportNumber   = "FERMILAB-PUB-12-098-AD-AE-CD-E-PPD",
      SLACcitation   = "%%CITATION = ARXIV:1204.3094;%%",
}

@article{Archambault:2012pm,
      author         = "Archambault, S. and others",
      title          = "{Constraints on Low-Mass WIMP Interactions on $^{19}F$
                        from PICASSO}",
      collaboration  = "PICASSO",
      journal        = "Phys.Lett.",
      volume         = "B711",
      pages          = "153-161",
      doi            = "10.1016/j.physletb.2012.03.078",
      year           = "2012",
      eprint         = "1202.1240",
      archivePrefix  = "arXiv",
      primaryClass   = "hep-ex",
      SLACcitation   = "%%CITATION = ARXIV:1202.1240;%%",
}

@article{Bai:2013iqa,
      author         = "Bai, Yang and Berger, Joshua",
      title          = "{Fermion Portal Dark Matter}",
      journal        = "JHEP",
      volume         = "1311",
      pages          = "171",
      doi            = "10.1007/JHEP11(2013)171",
      year           = "2013",
      eprint         = "1308.0612",
      archivePrefix  = "arXiv",
      primaryClass   = "hep-ph",
      reportNumber   = "SLAC-PUB-15704",
      SLACcitation   = "%%CITATION = ARXIV:1308.0612;%%",
}

@article{Chang:2009yt,
      author         = "Chang, Spencer and Pierce, Aaron and Weiner, Neal",
      title          = "{Momentum Dependent Dark Matter Scattering}",
      journal        = "JCAP",
      volume         = "1001",
      pages          = "006",
      doi            = "10.1088/1475-7516/2010/01/006",
      year           = "2010",
      eprint         = "0908.3192",
      archivePrefix  = "arXiv",
      primaryClass   = "hep-ph",
      reportNumber   = "MCTP-09-42",
      SLACcitation   = "%%CITATION = ARXIV:0908.3192;%%",
}


@misc{pgs,
author = "Conway, John",
title = "{Pretty Good Simulator}",
howpublished = "\url{http://physics.ucdavis.edu/~conway/research/software/pgs/pgs4-general.htm}",
}

@article{Sjostrand:2006za,
      author         = "Sjostrand, Torbjorn and Mrenna, Stephen and Skands, Peter
                        Z.",
      title          = "{PYTHIA 6.4 Physics and Manual}",
      journal        = "JHEP",
      volume         = "0605",
      pages          = "026",
      doi            = "10.1088/1126-6708/2006/05/026",
      year           = "2006",
      eprint         = "hep-ph/0603175",
      archivePrefix  = "arXiv",
      primaryClass   = "hep-ph",
      reportNumber   = "FERMILAB-PUB-06-052-CD-T, LU-TP-06-13",
      SLACcitation   = "%%CITATION = HEP-PH/0603175;%%",
}

@article{Alwall:2011uj,
      author         = "Alwall, Johan and Herquet, Michel and Maltoni, Fabio and
                        Mattelaer, Olivier and Stelzer, Tim",
      title          = "{MadGraph 5 : Going Beyond}",
      journal        = "JHEP",
      volume         = "1106",
      pages          = "128",
      doi            = "10.1007/JHEP06(2011)128",
      year           = "2011",
      eprint         = "1106.0522",
      archivePrefix  = "arXiv",
      primaryClass   = "hep-ph",
      reportNumber   = "FERMILAB-PUB-11-448-T",
      SLACcitation   = "%%CITATION = ARXIV:1106.0522;%%",
}

@article{An:2012ue,
      author         = "An, Haipeng and Huo, Ran and Wang, Lian-Tao",
      title          = "{Searching for Low Mass Dark Portal at the LHC}",
      journal        = "Phys.Dark Univ.",
      volume         = "2",
      pages          = "50-57",
      doi            = "10.1016/j.dark.2013.03.002",
      year           = "2013",
      eprint         = "1212.2221",
      archivePrefix  = "arXiv",
      primaryClass   = "hep-ph",
      reportNumber   = "EFI-12-34, PI-PARTPHYS-311",
      SLACcitation   = "%%CITATION = ARXIV:1212.2221;%%",
}

@article{Foadi:2008qv,
      author         = "Foadi, Roshan and Frandsen, Mads T. and Sannino,
                        Francesco",
      title          = "{Technicolor Dark Matter}",
      journal        = "Phys.Rev.",
      volume         = "D80",
      pages          = "037702",
      doi            = "10.1103/PhysRevD.80.037702",
      year           = "2009",
      eprint         = "0812.3406",
      archivePrefix  = "arXiv",
      primaryClass   = "hep-ph",
      SLACcitation   = "%%CITATION = ARXIV:0812.3406;%%",
}

@article{An:2012va,
      author         = "An, Haipeng and Ji, Xiangdong and Wang, Lian-Tao",
      title          = "{Light Dark Matter and $Z'$ Dark Force at Colliders}",
      journal        = "JHEP",
      volume         = "1207",
      pages          = "182",
      doi            = "10.1007/JHEP07(2012)182",
      year           = "2012",
      eprint         = "1202.2894",
      archivePrefix  = "arXiv",
      primaryClass   = "hep-ph",
      reportNumber   = "PI-PARTPHYS-258, UMD-DOE-ER-40762-514",
      SLACcitation   = "%%CITATION = ARXIV:1202.2894;%%",
}

@article{Alves:2010za,
      author         = "Alves, Daniele S.M. and Izaguirre, Eder and Wacker, Jay
                        G.",
      title          = "{It's On: Early Interpretations of ATLAS Results in Jets
                        and Missing Energy Searches}",
      journal        = "Phys.Lett.",
      volume         = "B702",
      pages          = "64-68",
      doi            = "10.1016/j.physletb.2011.06.067",
      year           = "2011",
      eprint         = "1008.0407",
      archivePrefix  = "arXiv",
      primaryClass   = "hep-ph",
      reportNumber   = "SLAC-PUB-14219",
      SLACcitation   = "%%CITATION = ARXIV:1008.0407;%%",
}

@article{Haisch:2013uaa,
      author         = "Haisch, Ulrich and Kahlhoefer, Felix",
      title          = "{On the importance of loop-induced spin-independent
                        interactions for dark matter direct detection}",
      journal        = "JCAP",
      volume         = "1304",
      pages          = "050",
      doi            = "10.1088/1475-7516/2013/04/050",
      year           = "2013",
      eprint         = "1302.4454",
      archivePrefix  = "arXiv",
      primaryClass   = "hep-ph",
      reportNumber   = "OUTP-13-06P",
      SLACcitation   = "%%CITATION = ARXIV:1302.4454;%%",
}

@article{MarchRussell:2012hi,
      author         = "March-Russell, John and Unwin, James and West, Stephen
                        M.",
      title          = "{Closing in on Asymmetric Dark Matter I: Model
                        independent limits for interactions with quarks}",
      journal        = "JHEP",
      volume         = "1208",
      pages          = "029",
      doi            = "10.1007/JHEP08(2012)029",
      year           = "2012",
      eprint         = "1203.4854",
      archivePrefix  = "arXiv",
      primaryClass   = "hep-ph",
      reportNumber   = "OUTP-12-01P",
      SLACcitation   = "%%CITATION = ARXIV:1203.4854;%%",
}

@article{Ade:2013zuv,
      author         = "Ade, P.A.R. and others",
      title          = "{Planck 2013 results. XVI. Cosmological parameters}",
      collaboration  = "Planck",
      year           = "2013",
      eprint         = "1303.5076",
      archivePrefix  = "arXiv",
      primaryClass   = "astro-ph.CO",
      SLACcitation   = "%%CITATION = ARXIV:1303.5076;%%",
}

@book{KolbTurner,
author = "Kolb, E.W. and Turner, M.",
title = "The Early Universe",
year = "1990",
publisher = "Westview Press"
}

@article{Steigman:1979kw,
      author         = "Steigman, G.",
      title          = "{Cosmology Confronts Particle Physics}",
      journal        = "Ann.Rev.Nucl.Part.Sci.",
      volume         = "29",
      pages          = "313-338",
      doi            = "10.1146/annurev.ns.29.120179.001525",
      year           = "1979",
      SLACcitation   = "%%CITATION = ARNUA,29,313;%%",
}

@article{Scherrer:1985zt,
      author         = "Scherrer, Robert J. and Turner, Michael S.",
      title          = "{On the Relic, Cosmic Abundance of Stable Weakly
                        Interacting Massive Particles}",
      journal        = "Phys.Rev.",
      volume         = "D33",
      pages          = "1585",
      doi            = "10.1103/PhysRevD.33.1585, 10.1103/PhysRevD.34.3263",
      year           = "1986",
      reportNumber   = "FERMILAB-PUB-85-163-A, EFI-85-76-CHICAGO",
      SLACcitation   = "%%CITATION = PHRVA,D33,1585;%%",
}

@article{Bernstein:1985th,
      author         = "Bernstein, Jeremy and Brown, Lowell S. and Feinberg,
                        Gerald",
      title          = "{The cosmological heavy neutrino problem revisited}",
      journal        = "Phys.Rev.",
      volume         = "D32",
      pages          = "3261",
      doi            = "10.1103/PhysRevD.32.3261",
      year           = "1985",
      reportNumber   = "CU-TP-316",
      SLACcitation   = "%%CITATION = PHRVA,D32,3261;%%",
}

@article{Gondolo:1990dk,
      author         = "Gondolo, Paolo and Gelmini, Graciela",
      title          = "{Cosmic abundances of stable particles: Improved
                        analysis}",
      journal        = "Nucl.Phys.",
      volume         = "B360",
      pages          = "145-179",
      doi            = "10.1016/0550-3213(91)90438-4",
      year           = "1991",
      reportNumber   = "UCLA-90-TEP-68",
      SLACcitation   = "%%CITATION = NUPHA,B360,145;%%",
}

@article{CMS-PAS-EXO-13-004,
      title        = "{Search for dark matter in the mono-lepton channel with pp
                      collision events at center-of-mass energy of 8 TeV}",
collaboration="CMS",    
  institution  = "CERN",
      address      = "Geneva",
      journal       = "CMS-PAS-EXO-13-004",
      year         = "2013",
}

@article{Chatrchyan:2013qha,
      author         = "Chatrchyan, Serguei and others",
      title          = "{Search for narrow resonances using the dijet mass
                        spectrum in pp collisions at sqrt(s) = 8 TeV}",
      collaboration  = "CMS",
      year           = "2013",
      eprint         = "1302.4794",
      archivePrefix  = "arXiv",
      primaryClass   = "hep-ex",
      reportNumber   = "CMS-EXO-12-016, CERN-PH-EP-2013-015",
      SLACcitation   = "%%CITATION = ARXIV:1302.4794;%%",
}

@article{ATLAS-CONF-2013-073,
      title        = "{Search for dark matter pair production in events with a
                      hadronically decaying $W$ or $Z$ boson and missing
                      transverse momentum in $pp$ collision data at $\sqrt{s}=8$
                      TeV with the ATLAS detector}",
      collaboration =" ATLAS",
institution  = "CERN",
      address      = "Geneva",
      journal       = "ATLAS-CONF-2013-073",
      year         = "2013",
}


@article{Bai:2012xg,
      author         = "Bai, Yang and Tait, Tim M.P.",
      title          = "{Searches with Mono-Leptons}",
      journal        = "Phys.Lett.",
      volume         = "B723",
      pages          = "384-387",
      doi            = "10.1016/j.physletb.2013.05.057",
      year           = "2013",
      eprint         = "1208.4361",
      archivePrefix  = "arXiv",
      primaryClass   = "hep-ph",
      reportNumber   = "SLAC-PUB-15221, UCI-HEP-TR-2012-11",
      SLACcitation   = "%%CITATION = ARXIV:1208.4361;%%",
}


@article{Carpenter:2012rg,
      author         = "Carpenter, Linda M. and Nelson, Andrew and Shimmin, Chase
                        and Tait, Tim M.P. and Whiteson, Daniel",
      title          = "{Collider searches for dark matter in events with a Z
                        boson and missing energy}",
      year           = "2012",
      eprint         = "1212.3352",
      archivePrefix  = "arXiv",
      primaryClass   = "hep-ex",
      reportNumber   = "UCI-HEP-TR-2012-21",
      SLACcitation   = "%%CITATION = ARXIV:1212.3352;%%",
}

@article{Andrea:2011ws,
      author         = "Andrea, J. and Fuks, B. and Maltoni, F.",
      title          = "{Monotops at the LHC}",
      journal        = "Phys.Rev.",
      volume         = "D84",
      pages          = "074025",
      doi            = "10.1103/PhysRevD.84.074025",
      year           = "2011",
      eprint         = "1106.6199",
      archivePrefix  = "arXiv",
      primaryClass   = "hep-ph",
      reportNumber   = "CP3-11-21, IPHC-PHENO-11-03",
      SLACcitation   = "%%CITATION = ARXIV:1106.6199;%%",
}

@article{Alwall:2008ag,
      author         = "Alwall, Johan and Schuster, Philip and Toro, Natalia",
      title          = "{Simplified Models for a First Characterization of New
                        Physics at the LHC}",
      journal        = "Phys.Rev.",
      volume         = "D79",
      pages          = "075020",
      doi            = "10.1103/PhysRevD.79.075020",
      year           = "2009",
      eprint         = "0810.3921",
      archivePrefix  = "arXiv",
      primaryClass   = "hep-ph",
      reportNumber   = "SLAC-PUB-13425, SU-ITP-08-24",
      SLACcitation   = "%%CITATION = ARXIV:0810.3921;%%",
}


@article{Essig:2011qg,
      author         = "Essig, Rouven and Izaguirre, Eder and Kaplan, Jared and
                        Wacker, Jay G.",
      title          = "{Heavy Flavor Simplified Models at the LHC}",
      journal        = "JHEP",
      volume         = "1201",
      pages          = "074",
      doi            = "10.1007/JHEP01(2012)074",
      year           = "2012",
      eprint         = "1110.6443",
      archivePrefix  = "arXiv",
      primaryClass   = "hep-ph",
      reportNumber   = "YITP-SB-11-34, SLAC-PUB-14658",
      SLACcitation   = "%%CITATION = ARXIV:1110.6443;%%",
}

@article{Fox:2011pm,
      author         = "Fox, Patrick J. and Harnik, Roni and Kopp, Joachim and
                        Tsai, Yuhsin",
      title          = "{Missing Energy Signatures of Dark Matter at the LHC}",
      journal        = "Phys.Rev.",
      volume         = "D85",
      pages          = "056011",
      doi            = "10.1103/PhysRevD.85.056011",
      year           = "2012",
      eprint         = "1109.4398",
      archivePrefix  = "arXiv",
      primaryClass   = "hep-ph",
      reportNumber   = "FERMILAB-PUB-11-478-T",
      SLACcitation   = "%%CITATION = ARXIV:1109.4398;%%",
}

@article{Srednicki:1988ce,
      author         = "Srednicki, Mark and Watkins, Richard and Olive, Keith A.",
      title          = "{Calculations of Relic Densities in the Early Universe}",
      journal        = "Nucl.Phys.",
      volume         = "B310",
      pages          = "693",
      doi            = "10.1016/0550-3213(88)90099-5",
      year           = "1988",
      reportNumber   = "UMN-TH-646/88",
      SLACcitation   = "%%CITATION = NUPHA,B310,693;%%",
}

@article{Boehm:2003hm,
      author         = "Boehm, C. and Fayet, Pierre",
      title          = "{Scalar dark matter candidates}",
      journal        = "Nucl.Phys.",
      volume         = "B683",
      pages          = "219-263",
      doi            = "10.1016/j.nuclphysb.2004.01.015",
      year           = "2004",
      eprint         = "hep-ph/0305261",
      archivePrefix  = "arXiv",
      primaryClass   = "hep-ph",
      SLACcitation   = "%%CITATION = HEP-PH/0305261;%%",
}

@Article{Zeldovich1,
     author    = "Zel'dovich, Ya. B.",
     title     = "{Magnetic model of universe}",
     journal   = "Zh. Eksp. Teor. Fiz.",
     volume    = "48",
     year      = "1965",
     pages     = "986",
}

@Article{Zeldovich2,
     author    = "Zel'dovich, Ya. B. and Okun, L. B. and Pikelner, S. B.",
     title     = "{Quarks: the astrophysical and physical-chemistry aspects (Translation)}",
     journal   = "Usp. Fiz. Nauk.",
     volume    = "84",
     year      = "1965",
     pages     = "113",
}

@Article{Chiu1,
     author    = "Chiu, H. -Y.",
     title     = "{Symmetry between particle and anti-particle populations in the universe}",
     journal   = "Phys. Rev. Lett.",
     volume    = "17",
     year      = "1966",
     pages     = "712",
}

@article{Griest:1989wd,
      author         = "Griest, Kim and Kamionkowski, Marc",
      title          = "{Unitarity Limits on the Mass and Radius of Dark Matter
                        Particles}",
      journal        = "Phys.Rev.Lett.",
      volume         = "64",
      pages          = "615",
      doi            = "10.1103/PhysRevLett.64.615",
      year           = "1990",
      reportNumber   = "CFPA-TH-89-013, FERMILAB-PUB-89-205-A",
      SLACcitation   = "%%CITATION = PRLTA,64,615;%%",
}

@article{Boehm:2013jpa,
      author         = "Boehm, Celine and Dolan, Matthew J. and McCabe,
                        Christopher",
      title          = "{A Lower Bound on the Mass of Cold Thermal Dark Matter
                        from Planck}",
      journal         = "JCAP",
      volume         = "1308",
      pages          = "041",
      doi            = "10.1088/1475-7516/2013/08/041",
      year           = "2013",
      eprint         = "1303.6270",
      archivePrefix  = "arXiv",
      primaryClass   = "hep-ph",
      reportNumber   = "IPPP-13-18, DCPT-13-36",
      SLACcitation   = "%%CITATION = ARXIV:1303.6270;%%",
}

@article{Carone:1995pu,
      author         = "Carone, Christopher D. and Murayama, Hitoshi",
      title          = "{Realistic models with a light U(1) gauge boson coupled
                        to baryon number}",
      journal        = "Phys.Rev.",
      volume         = "D52",
      pages          = "484-493",
      doi            = "10.1103/PhysRevD.52.484",
      year           = "1995",
      eprint         = "hep-ph/9501220",
      archivePrefix  = "arXiv",
      primaryClass   = "hep-ph",
      reportNumber   = "LBL-36598",
      SLACcitation   = "%%CITATION = HEP-PH/9501220;%%",
}

@article{Carone:1994aa,
      author         = "Carone, Christopher D. and Murayama, Hitoshi",
      title          = "{Possible light U(1) gauge boson coupled to baryon
                        number}",
      journal        = "Phys.Rev.Lett.",
      volume         = "74",
      pages          = "3122-3125",
      doi            = "10.1103/PhysRevLett.74.3122",
      year           = "1995",
      eprint         = "hep-ph/9411256",
      archivePrefix  = "arXiv",
      primaryClass   = "hep-ph",
      reportNumber   = "LBL-36338",
      SLACcitation   = "%%CITATION = HEP-PH/9411256;%%",
}

@article{Babu:1997st,
      author         = "Babu, K.S. and Kolda, Christopher F. and March-Russell,
                        John",
      title          = "{Implications of generalized Z - Z-prime mixing}",
      journal        = "Phys.Rev.",
      volume         = "D57",
      pages          = "6788-6792",
      doi            = "10.1103/PhysRevD.57.6788",
      year           = "1998",
      eprint         = "hep-ph/9710441",
      archivePrefix  = "arXiv",
      primaryClass   = "hep-ph",
      reportNumber   = "IASSNS-HEP-97-114",
      SLACcitation   = "%%CITATION = HEP-PH/9710441;%%",
}

@article{Holdom:1985ag,
      author         = "Holdom, Bob",
      title          = "{Two U(1)'s and Epsilon Charge Shifts}",
      journal        = "Phys.Lett.",
      volume         = "B166",
      pages          = "196",
      doi            = "10.1016/0370-2693(86)91377-8",
      year           = "1986",
      reportNumber   = "UTPT-85-30",
      SLACcitation   = "%%CITATION = PHLTA,B166,196;%%",
}

@article{Zheng:2010js,
      author         = "Zheng, Jia-Ming and Yu, Zhao-Huan and Shao, Jun-Wen and
                        Bi, Xiao-Jun and Li, Zhibing and others",
      title          = "{Constraining the interaction strength between dark
                        matter and visible matter: I. fermionic dark matter}",
      journal        = "Nucl.Phys.",
      volume         = "B854",
      pages          = "350-374",
      doi            = "10.1016/j.nuclphysb.2011.09.009",
      year           = "2012",
      eprint         = "1012.2022",
      archivePrefix  = "arXiv",
      primaryClass   = "hep-ph",
      SLACcitation   = "%%CITATION = ARXIV:1012.2022;%%",
}



@article{Cheung:2010zf,
      author         = "Cheung, Kingman and Mawatari, Kentarou and Senaha, Eibun
                        and Tseng, Po-Yan and Yuan, Tzu-Chiang",
      title          = "{The Top Window for dark matter}",
      journal        = "JHEP",
      volume         = "1010",
      pages          = "081",
      doi            = "10.1007/JHEP10(2010)081",
      year           = "2010",
      eprint         = "1009.0618",
      archivePrefix  = "arXiv",
      primaryClass   = "hep-ph",
      SLACcitation   = "%%CITATION = ARXIV:1009.0618;%%",
}


@article{Kamenik:2011nb,
      author         = "Kamenik, Jernej F. and Zupan, Jure",
      title          = "{Discovering Dark Matter Through Flavor Violation at the
                        LHC}",
      journal        = "Phys.Rev.",
      volume         = "D84",
      pages          = "111502",
      doi            = "10.1103/PhysRevD.84.111502",
      year           = "2011",
      eprint         = "1107.0623",
      archivePrefix  = "arXiv",
      primaryClass   = "hep-ph",
      SLACcitation   = "%%CITATION = ARXIV:1107.0623;%%",
}


@article{Nelson:2013pqa,
      author         = "Nelson, Andy and Carpenter, Linda M. and Cotta, Randel
                        and Johnstone, Adam and Whiteson, Daniel",
      title          = "{Confronting the Fermi Line with LHC data: an Effective
                        Theory of Dark Matter Interaction with Photons}",
      year           = "2013",
      eprint         = "1307.5064",
      archivePrefix  = "arXiv",
      primaryClass   = "hep-ph",
      SLACcitation   = "%%CITATION = ARXIV:1307.5064;%%",
}


@article{Busoni:2013lha,
      author         = "Busoni, Giorgio and De Simone, Andrea and Morgante,
                        Enrico and Riotto, Antonio",
      title          = "{On the Validity of the Effective Field Theory for Dark
                        Matter Searches at the LHC}",
      journal        = "Phys.Lett.",
      volume         = "B728",
      pages          = "412-421",
      doi            = "10.1016/j.physletb.2013.11.069",
      year           = "2014",
      eprint         = "1307.2253",
      archivePrefix  = "arXiv",
      primaryClass   = "hep-ph",
      reportNumber   = "CERN-PH-TH-2013-151, SISSA-29-2013-FISI",
      SLACcitation   = "%%CITATION = ARXIV:1307.2253;%%",
}

@article{Alves:2011wf,
      author         = "Alves, Daniele and others",
      title          = "{Simplified Models for LHC New Physics Searches}",
      collaboration  = "LHC New Physics Working Group",
      journal        = "J.Phys.",
      volume         = "G39",
      pages          = "105005",
      doi            = "10.1088/0954-3899/39/10/105005",
      year           = "2012",
      eprint         = "1105.2838",
      archivePrefix  = "arXiv",
      primaryClass   = "hep-ph",
      reportNumber   = "SLAC-PUB-15045",
      SLACcitation   = "%%CITATION = ARXIV:1105.2838;%%",
}

@article{Frandsen:2012rk,
      author         = "Frandsen, Mads T. and Kahlhoefer, Felix and Preston,
                        Anthony and Sarkar, Subir and Schmidt-Hoberg, Kai",
      title          = "{LHC and Tevatron Bounds on the Dark Matter Direct
                        Detection Cross-Section for Vector Mediators}",
      journal        = "JHEP",
      volume         = "1207",
      pages          = "123",
      doi            = "10.1007/JHEP07(2012)123",
      year           = "2012",
      eprint         = "1204.3839",
      archivePrefix  = "arXiv",
      primaryClass   = "hep-ph",
      reportNumber   = "OUTP-12-05P",
      SLACcitation   = "%%CITATION = ARXIV:1204.3839;%%",
}

@article{Lin:2013sca,
      author         = "Lin, Tongyan and Kolb, Edward W. and Wang, Lian-Tao",
      title          = "{Probing dark matter couplings to top and bottom at the
                        LHC}",
      journal        = "Phys.Rev.",
      volume         = "D88",
      pages          = "063510",
      doi            = "10.1103/PhysRevD.88.063510",
      year           = "2013",
      eprint         = "1303.6638",
      archivePrefix  = "arXiv",
      primaryClass   = "hep-ph",
      SLACcitation   = "%%CITATION = ARXIV:1303.6638;%%",
}


@article{ATLAS:2012ky,
      author         = "Aad, Georges and others",
      title          = "{Search for dark matter candidates and large extra
                        dimensions in events with a jet and missing transverse
                        momentum with the ATLAS detector}",
      collaboration  = "ATLAS",
      journal        = "JHEP",
      volume         = "1304",
      pages          = "075",
      doi            = "10.1007/JHEP04(2013)075",
      year           = "2013",
      eprint         = "1210.4491",
      archivePrefix  = "arXiv",
      primaryClass   = "hep-ex",
      reportNumber   = "CERN-PH-EP-2012-210",
      SLACcitation   = "%%CITATION = ARXIV:1210.4491;%%",
}

@article{Chatrchyan:2012me,
      author         = "Chatrchyan, Serguei and others",
      title          = "{Search for dark matter and large extra dimensions in
                        monojet events in $pp$ collisions at $\sqrt{s}=7$ TeV}",
      collaboration  = "CMS",
      journal        = "JHEP",
      volume         = "1209",
      pages          = "094",
      doi            = "10.1007/JHEP09(2012)094",
      year           = "2012",
      eprint         = "1206.5663",
      archivePrefix  = "arXiv",
      primaryClass   = "hep-ex",
      reportNumber   = "CMS-EXO-11-059, CERN-PH-EP-2012-168",
      SLACcitation   = "%%CITATION = ARXIV:1206.5663;%%",
}

@article{Fox:2012ee,
      author         = "Fox, Patrick J. and Harnik, Roni and Primulando, Reinard
                        and Yu, Chiu-Tien",
      title          = "{Taking a Razor to Dark Matter Parameter Space at the
                        LHC}",
      journal        = "Phys.Rev.",
      volume         = "D86",
      pages          = "015010",
      doi            = "10.1103/PhysRevD.86.015010",
      year           = "2012",
      eprint         = "1203.1662",
      archivePrefix  = "arXiv",
      primaryClass   = "hep-ph",
      reportNumber   = "FERMILAB-PUB-12-066-T",
      SLACcitation   = "%%CITATION = ARXIV:1203.1662;%%",
}

@article{Goodman:2011jq,
      author         = "Goodman, Jessica and Shepherd, William",
      title          = "{LHC Bounds on UV-Complete Models of Dark Matter}",
      year           = "2011",
      eprint         = "1111.2359",
      archivePrefix  = "arXiv",
      primaryClass   = "hep-ph",
      reportNumber   = "UCI-HEP-TR-2011-22",
      SLACcitation   = "%%CITATION = ARXIV:1111.2359;%%",
}

@article{Shoemaker:2011vi,
      author         = "Shoemaker, Ian M. and Vecchi, Luca",
      title          = "{Unitarity and Monojet Bounds on Models for DAMA, CoGeNT,
                        and CRESST-II}",
      journal        = "Phys.Rev.",
      volume         = "D86",
      pages          = "015023",
      doi            = "10.1103/PhysRevD.86.015023",
      year           = "2012",
      eprint         = "1112.5457",
      archivePrefix  = "arXiv",
      primaryClass   = "hep-ph",
      reportNumber   = "LA-UR-11-12298",
      SLACcitation   = "%%CITATION = ARXIV:1112.5457;%%",
}

@article{Rajaraman:2011wf,
      author         = "Rajaraman, Arvind and Shepherd, William and Tait, Tim
                        M.P. and Wijangco, Alexander M.",
      title          = "{LHC Bounds on Interactions of Dark Matter}",
      journal        = "Phys.Rev.",
      volume         = "D84",
      pages          = "095013",
      doi            = "10.1103/PhysRevD.84.095013",
      year           = "2011",
      eprint         = "1108.1196",
      archivePrefix  = "arXiv",
      primaryClass   = "hep-ph",
      reportNumber   = "UCI-HEP-TR-2011-15",
      SLACcitation   = "%%CITATION = ARXIV:1108.1196;%%",
}

@article{ATLAS-CONF-2012-148,
      title        = "{Search for New Phenomena in the Dijet Mass Distribution updated using $13.0~\rm{fb}^{-1}$ of $pp$ Collisions at $sqrt{s}=8$ TeV collected by the ATLAS Detector}",
      collaboration="ATLAS",
institution  = "CERN",
      address      = "Geneva",
      journal       = "ATLAS-CONF-2012-148",
      year         = "2012",
}


@article{Abdallah:2008aa,
      author         = "Abdallah, J. and others",
      title          = "{Search for one large extra dimension with the DELPHI  detector at LEP}",
      collaboration  = "DELPHI",
      journal        = "Eur.Phys.J.",
      volume         = "C60",
      pages          = "17-23",
      doi            = "10.1140/epjc/s10052-009-0874-9",
      year           = "2009",
      eprint         = "0901.4486",
      archivePrefix  = "arXiv",
      primaryClass   = "hep-ex",
      reportNumber   = "CERN-PH-EP-2008-013",
      SLACcitation   = "%%CITATION = ARXIV:0901.4486;%%",
}



@article{Fox:2011fx,
      author         = "Fox, Patrick J. and Harnik, Roni and Kopp, Joachim and
                        Tsai, Yuhsin",
      title          = "{LEP Shines Light on Dark Matter}",
      journal        = "Phys.Rev.",
      volume         = "D84",
      pages          = "014028",
      doi            = "10.1103/PhysRevD.84.014028",
      year           = "2011",
      eprint         = "1103.0240",
      archivePrefix  = "arXiv",
      primaryClass   = "hep-ph",
      reportNumber   = "FERMILAB-PUB-11-039-T",
      SLACcitation   = "%%CITATION = ARXIV:1103.0240;%%",
}

@article{Goodman:2010ku,
      author         = "Goodman, Jessica and Ibe, Masahiro and Rajaraman, Arvind
                        and Shepherd, William and Tait, Tim M.P. and others",
      title          = "{Constraints on Dark Matter from Colliders}",
      journal        = "Phys.Rev.",
      volume         = "D82",
      pages          = "116010",
      doi            = "10.1103/PhysRevD.82.116010",
      year           = "2010",
      eprint         = "1008.1783",
      archivePrefix  = "arXiv",
      primaryClass   = "hep-ph",
      reportNumber   = "UCI-HEP-TR-2010-15",
      SLACcitation   = "%%CITATION = ARXIV:1008.1783;%%",
}

@article{Bai:2010hh,
      author         = "Bai, Yang and Fox, Patrick J. and Harnik, Roni",
      title          = "{The Tevatron at the Frontier of Dark Matter Direct
                        Detection}",
      journal        = "JHEP",
      volume         = "1012",
      pages          = "048",
      doi            = "10.1007/JHEP12(2010)048",
      year           = "2010",
      eprint         = "1005.3797",
      archivePrefix  = "arXiv",
      primaryClass   = "hep-ph",
      reportNumber   = "FERMILAB-PUB-10-143-T",
      SLACcitation   = "%%CITATION = ARXIV:1005.3797;%%",
}

@article{Beltran:2010ww,
      author         = "Beltran, Maria and Hooper, Dan and Kolb, Edward W. and
                        Krusberg, Zosia A.C. and Tait, Tim M.P.",
      title          = "{Maverick dark matter at colliders}",
      journal        = "JHEP",
      volume         = "1009",
      pages          = "037",
      doi            = "10.1007/JHEP09(2010)037",
      year           = "2010",
      eprint         = "1002.4137",
      archivePrefix  = "arXiv",
      primaryClass   = "hep-ph",
      reportNumber   = "FERMILAB-PUB-10-092-A",
      SLACcitation   = "%%CITATION = ARXIV:1002.4137;%%",
}

%%%%%%

@article{Hooper:2011ti,
      author         = "Hooper, Dan and Linden, Tim",
      title          = "{On The Origin Of The Gamma Rays From The Galactic
                        Center}",
      journal        = "Phys.Rev.",
      volume         = "D84",
      pages          = "123005",
      doi            = "10.1103/PhysRevD.84.123005",
      year           = "2011",
      eprint         = "1110.0006",
      archivePrefix  = "arXiv",
      primaryClass   = "astro-ph.HE",
      reportNumber   = "FERMILAB-PUB-11-505-A",
      SLACcitation   = "%%CITATION = ARXIV:1110.0006;%%",
}

@article{Haisch:2012kf,
      author         = "Haisch, Ulrich and Kahlhoefer, Felix and Unwin, James",
      title          = "{The impact of heavy-quark loops on LHC dark matter
                        searches}",
      journal        = "JHEP",
      volume         = "1307",
      pages          = "125",
      doi            = "10.1007/JHEP07(2013)125",
      year           = "2013",
      eprint         = "1208.4605",
      archivePrefix  = "arXiv",
      primaryClass   = "hep-ph",
      reportNumber   = "OUTP-12-15P",
      SLACcitation   = "%%CITATION = ARXIV:1208.4605;%%",
}

@article{CMS-PAS-EXO-12-048,
     title        = "{Search for new physics in monojet events in pp collisions
                      at sqrt(s)= 8 TeV}",
      institution  = "CERN",
      address      = "Geneva",
collaboration = "CMS",
      journal       = "CMS-PAS-EXO-12-048",
      year         = "2013",
}

@article{ATLAS:2012zim,
      key            = "1230004",
      title          = "{Search for New Phenomena in Monojet plus Missing
                        Transverse Momentum Final States using 10 fb$^{-1}$ of $pp$
                        Collisions at $\sqrt{s}=8$~TeV with the ATLAS detector at the
                        LHC}",
      collaboration  = "ATLAS",
      year           = "2012",
	journal   = "ATLAS-CONF-2012-147",
      SLACcitation   = "%%CITATION = ATLAS-CONF-2012-147 ETC.;%%",
}

@article{Fox:2012ru,
      author         = "Fox, Patrick J. and Williams, Ciaran",
      title          = "{Next-to-Leading Order Predictions for Dark Matter
                        Production at Hadron Colliders}",
      journal        = "Phys.Rev.",
      volume         = "D87",
      pages          = "054030",
      doi            = "10.1103/PhysRevD.87.054030",
      year           = "2013",
      eprint         = "1211.6390",
      archivePrefix  = "arXiv",
      primaryClass   = "hep-ph",
      reportNumber   = "FERMILAB-PUB-12-612-T",
      SLACcitation   = "%%CITATION = ARXIV:1211.6390;%%",
}


@article{Shifman:1978zn,
      author         = "Shifman, Mikhail A. and Vainshtein, A.I. and Zakharov,
                        Valentin I.",
      title          = "{Remarks on Higgs Boson Interactions with Nucleons}",
      journal        = "Phys.Lett.",
      volume         = "B78",
      pages          = "443",
      doi            = "10.1016/0370-2693(78)90481-1",
      year           = "1978",
}

@article{Crewther:1972kn,
      author         = "Crewther, R.J.",
      title          = "{Nonperturbative evaluation of the anomalies in
                        low-energy theorems}",
      journal        = "Phys.Rev.Lett.",
      volume         = "28",
      pages          = "1421",
      doi            = "10.1103/PhysRevLett.28.1421",
      year           = "1972",
}

@article{Gross:1973id,
      author         = "Gross, D.J. and Wilczek, Frank",
      title          = "{Ultraviolet Behavior of Nonabelian Gauge Theories}",
      journal        = "Phys.Rev.Lett.",
      volume         = "30",
      pages          = "1343-1346",
      doi            = "10.1103/PhysRevLett.30.1343",
      year           = "1973",
}

@article{Politzer:1973fx,
      author         = "Politzer, H.David",
      title          = "{Reliable Perturbative Results for Strong Interactions?}",
      journal        = "Phys.Rev.Lett.",
      volume         = "30",
      pages          = "1346-1349",
      doi            = "10.1103/PhysRevLett.30.1346",
      year           = "1973",
}

@article{Young:2013nn,
      author         = "Young, R.D.",
      title          = "{Strange quark content of the nucleon and dark matter
                        searches}",
      journal        = "PoS",
      volume         = "LATTICE2012",
      pages          = "014",
      year           = "2012",
      eprint         = "1301.1765",
      archivePrefix  = "arXiv",
      primaryClass   = "hep-lat",
      reportNumber   = "ADP-13-01-T821",
      SLACcitation   = "%%CITATION = ARXIV:1301.1765;%%",
}

@article{DiFranzo:2013vra,
      author         = "DiFranzo, Anthony and Nagao, Keiko I. and Rajaraman,
                        Arvind and Tait, Tim M. P.",
      title          = "{Simplified Models for Dark Matter Interacting with
                        Quarks}",
      journal        = "JHEP",
      volume         = "11",
      year           = "2013",
      pages          = "014",
      doi            = "10.1007/JHEP11(2013)014, 10.1007/JHEP01(2014)162",
      note           = "[Erratum: JHEP \bf{01} (2014) 162]",
      eprint         = "1308.2679",
      archivePrefix  = "arXiv",
      primaryClass   = "hep-ph",
      reportNumber   = "UCI-HEP-TR-2013-17, KEK-TH-1659",
      SLACcitation   = "%%CITATION = ARXIV:1308.2679;%%"
}

@article{Chang:2013oia,
      author         = "Chang, Spencer and Edezhath, Ralph and Hutchinson,
                        Jeffrey and Luty, Markus",
      title          = "{Effective WIMPs}",
      journal        = "Phys. Rev.",
      volume         = "D89",
      year           = "2014",
      number         = "1",
      pages          = "015011",
      doi            = "10.1103/PhysRevD.89.015011",
      eprint         = "1307.8120",
      archivePrefix  = "arXiv",
      primaryClass   = "hep-ph",
      SLACcitation   = "%%CITATION = ARXIV:1307.8120;%%"
}

@article{An:2013xka,
      author         = "An, Haipeng and Wang, Lian-Tao and Zhang, Hao",
      title          = "{Dark matter with $t$-channel mediator: a simple step
                        beyond contact interaction}",
      journal        = "Phys. Rev.",
      volume         = "D89",
      year           = "2014",
      number         = "11",
      pages          = "115014",
      doi            = "10.1103/PhysRevD.89.115014",
      eprint         = "1308.0592",
      archivePrefix  = "arXiv",
      primaryClass   = "hep-ph",
      reportNumber   = "IIT-CAPP-13-06, ANL-HEP-PR-13-38",
      SLACcitation   = "%%CITATION = ARXIV:1308.0592;%%"
}

@article{Bai:2013iqa,
      author         = "Bai, Yang and Berger, Joshua",
      title          = "{Fermion Portal Dark Matter}",
      journal        = "JHEP",
      volume         = "11",
      year           = "2013",
      pages          = "171",
      doi            = "10.1007/JHEP11(2013)171",
      eprint         = "1308.0612",
      archivePrefix  = "arXiv",
      primaryClass   = "hep-ph",
      reportNumber   = "SLAC-PUB-15704",
      SLACcitation   = "%%CITATION = ARXIV:1308.0612;%%"
}

@article{Bai:2010hh,
      author         = "Bai, Yang and Fox, Patrick J. and Harnik, Roni",
      title          = "{The Tevatron at the Frontier of Dark Matter Direct
                        Detection}",
      journal        = "JHEP",
      volume         = "12",
      year           = "2010",
      pages          = "048",
      doi            = "10.1007/JHEP12(2010)048",
      eprint         = "1005.3797",
      archivePrefix  = "arXiv",
      primaryClass   = "hep-ph",
      reportNumber   = "FERMILAB-PUB-10-143-T",
      SLACcitation   = "%%CITATION = ARXIV:1005.3797;%%"
}

@article{Fox:2011pm,
      author         = "Fox, Patrick J. and Harnik, Roni and Kopp, Joachim and
                        Tsai, Yuhsin",
      title          = "{Missing Energy Signatures of Dark Matter at the LHC}",
      journal        = "Phys. Rev.",
      volume         = "D85",
      year           = "2012",
      pages          = "056011",
      doi            = "10.1103/PhysRevD.85.056011",
      eprint         = "1109.4398",
      archivePrefix  = "arXiv",
      primaryClass   = "hep-ph",
      reportNumber   = "FERMILAB-PUB-11-478-T",
      SLACcitation   = "%%CITATION = ARXIV:1109.4398;%%"
}

@article{Abdullah:2014lla,
      author         = "Abdullah, Mohammad and DiFranzo, Anthony and Rajaraman,
                        Arvind and Tait, Tim M. P. and Tanedo, Philip and
                        Wijangco, Alexander M.",
      title          = "{Hidden on-shell mediators for the Galactic Center
                        $\gamma$-ray excess}",
      journal        = "Phys. Rev.",
      volume         = "D90",
      year           = "2014",
      pages          = "035004",
      doi            = "10.1103/PhysRevD.90.035004",
      eprint         = "1404.6528",
      archivePrefix  = "arXiv",
      primaryClass   = "hep-ph",
      SLACcitation   = "%%CITATION = ARXIV:1404.6528;%%"
}

@article{Beltran:2010ww,
      author         = "Beltran, Maria and Hooper, Dan and Kolb, Edward W. and
                        Krusberg, Zosia A. C. and Tait, Tim M. P.",
      title          = "{Maverick dark matter at colliders}",
      journal        = "JHEP",
      volume         = "09",
      year           = "2010",
      pages          = "037",
      doi            = "10.1007/JHEP09(2010)037",
      eprint         = "1002.4137",
      archivePrefix  = "arXiv",
      primaryClass   = "hep-ph",
      reportNumber   = "FERMILAB-PUB-10-092-A",
      SLACcitation   = "%%CITATION = ARXIV:1002.4137;%%"
}

@article{Goodman:2010yf,
      author         = "Goodman, Jessica and Ibe, Masahiro and Rajaraman, Arvind
                        and Shepherd, William and Tait, Tim M. P. and Yu, Hai-Bo",
      title          = "{Constraints on Light Majorana dark Matter from
                        Colliders}",
      journal        = "Phys. Lett.",
      volume         = "B695",
      year           = "2011",
      pages          = "185-188",
      doi            = "10.1016/j.physletb.2010.11.009",
      eprint         = "1005.1286",
      archivePrefix  = "arXiv",
      primaryClass   = "hep-ph",
      reportNumber   = "UCI-HEP-TR-2010-09",
      SLACcitation   = "%%CITATION = ARXIV:1005.1286;%%"
}


@article{Goodman:2010ku,
      author         = "Goodman, Jessica and Ibe, Masahiro and Rajaraman, Arvind
                        and Shepherd, William and Tait, Tim M. P. and Yu, Hai-Bo",
      title          = "{Constraints on Dark Matter from Colliders}",
      journal        = "Phys. Rev.",
      volume         = "D82",
      year           = "2010",
      pages          = "116010",
      doi            = "10.1103/PhysRevD.82.116010",
      eprint         = "1008.1783",
      archivePrefix  = "arXiv",
      primaryClass   = "hep-ph",
      reportNumber   = "UCI-HEP-TR-2010-15",
      SLACcitation   = "%%CITATION = ARXIV:1008.1783;%%"
}

@article{Rajaraman:2011wf,
      author         = "Rajaraman, Arvind and Shepherd, William and Tait, Tim M.
                        P. and Wijangco, Alexander M.",
      title          = "{LHC Bounds on Interactions of Dark Matter}",
      journal        = "Phys. Rev.",
      volume         = "D84",
      year           = "2011",
      pages          = "095013",
      doi            = "10.1103/PhysRevD.84.095013",
      eprint         = "1108.1196",
      archivePrefix  = "arXiv",
      primaryClass   = "hep-ph",
      reportNumber   = "UCI-HEP-TR-2011-15",
      SLACcitation   = "%%CITATION = ARXIV:1108.1196;%%"
}

@article{TheFermi-LAT:2015kwa,
      author         = "Ajello, M. and others",
      title          = "{Fermi-LAT Observations of High-Energy $\gamma$-Ray
                        Emission Toward the Galactic Center}",
      collaboration  = "Fermi-LAT",
      journal        = "Astrophys. J.",
      volume         = "819",
      year           = "2016",
      number         = "1",
      pages          = "44",
      doi            = "10.3847/0004-637X/819/1/44",
      eprint         = "1511.02938",
      archivePrefix  = "arXiv",
      primaryClass   = "astro-ph.HE",
      SLACcitation   = "%%CITATION = ARXIV:1511.02938;%%"
}

@article{Hinshaw:2012aka,
      author         = "Hinshaw, G. and others",
      title          = "{Nine-Year Wilkinson Microwave Anisotropy Probe (WMAP)
                        Observations: Cosmological Parameter Results}",
      collaboration  = "WMAP",
      journal        = "Astrophys. J. Suppl.",
      volume         = "208",
      year           = "2013",
      pages          = "19",
      doi            = "10.1088/0067-0049/208/2/19",
      eprint         = "1212.5226",
      archivePrefix  = "arXiv",
      primaryClass   = "astro-ph.CO",
      SLACcitation   = "%%CITATION = ARXIV:1212.5226;%%"
}

@article{Ade:2015xua,
      author         = "Ade, P. A. R. and others",
      title          = "{Planck 2015 results. XIII. Cosmological parameters}",
      collaboration  = "Planck",
      journal        = "Astron. Astrophys.",
      volume         = "594",
      year           = "2016",
      pages          = "A13",
      doi            = "10.1051/0004-6361/201525830",
      eprint         = "1502.01589",
      archivePrefix  = "arXiv",
      primaryClass   = "astro-ph.CO",
      SLACcitation   = "%%CITATION = ARXIV:1502.01589;%%"
}

@article{Petriello:2008pu,
      author         = "Petriello, Frank J. and Quackenbush, Seth and Zurek,
                        Kathryn M.",
      title          = "{The Invisible $Z^\prime$ at the CERN LHC}",
      journal        = "Phys. Rev.",
      volume         = "D77",
      year           = "2008",
      pages          = "115020",
      doi            = "10.1103/PhysRevD.77.115020",
      eprint         = "0803.4005",
      archivePrefix  = "arXiv",
      primaryClass   = "hep-ph",
      SLACcitation   = "%%CITATION = ARXIV:0803.4005;%%"
}

@article{Gershtein:2008bf,
      author         = "Gershtein, Yuri and Petriello, Frank and Quackenbush,
                        Seth and Zurek, Kathryn M.",
      title          = "{Discovering hidden sectors with mono-photon $Z^\prime$
                        searches}",
      journal        = "Phys. Rev.",
      volume         = "D78",
      year           = "2008",
      pages          = "095002",
      doi            = "10.1103/PhysRevD.78.095002",
      eprint         = "0809.2849",
      archivePrefix  = "arXiv",
      primaryClass   = "hep-ph",
      reportNumber   = "FERMILAB-PUB-08-500-A",
      SLACcitation   = "%%CITATION = ARXIV:0809.2849;%%"
}

@article{Haisch:2016usn,
      author         = "Haisch, Ulrich and Kahlhoefer, Felix and Tait, Tim M. P.",
      title          = "{On Mono-W Signatures in Spin-1 Simplified Models}",
      journal        = "Phys. Lett.",
      volume         = "B760",
      year           = "2016",
      pages          = "207-213",
      doi            = "10.1016/j.physletb.2016.06.063",
      eprint         = "1603.01267",
      archivePrefix  = "arXiv",
      primaryClass   = "hep-ph",
      reportNumber   = "CERN-TH-2016-047, DESY-16-042, UCI-HEP-TR-2016-05",
      SLACcitation   = "%%CITATION = ARXIV:1603.01267;%%"
}
